time,event,qty,price
2024-04-01T01:16:37,SE1,1,18583.25
2024-04-01T01:16:37,Parabolic stop,1,18586.25
2024-04-01T03:10:57,LE1,1,18577.75
2024-04-01T04:01:49,LX,1,18590.75
2024-04-01T04:01:49,SE1,1,18592.25
2024-04-01T04:20:07,SX,1,18569.50
2024-04-01T05:15:06,SE1,1,18570.50
2024-04-01T05:15:06,Parabolic stop,1,18573.00
2024-04-01T05:55:01,LE1,1,18571.50
2024-04-01T05:55:01,Parabolic stop,1,18569.50
2024-04-01T08:19:08,LE1,1,18510.75
2024-04-01T08:19:08,Parabolic stop,1,18508.25
2024-04-01T08:25:39,LE1,1,18506.75
2024-04-01T08:26:43,Parabolic stop,1,18503.50
2024-04-01T08:35:39,LE1,1,18503.75
2024-04-01T08:58:05,LX,1,18509.25
2024-04-01T08:58:05,SE1,1,18510.50
2024-04-01T08:58:05,Parabolic stop,1,18513.00
2024-04-01T09:18:53,LE1,1,18489.50
2024-04-01T09:18:53,Parabolic stop,1,18486.50
2024-04-01T09:20:31,SE1,1,18483.75
2024-04-01T09:20:47,Parabolic stop,1,18486.25
2024-04-01T09:21:31,LE1,1,18488.75
2024-04-01T09:30:12,LX,1,18493.50
2024-04-01T09:30:12,SE1,1,18495.25
2024-04-01T09:30:31,SX,1,18497.25
2024-04-01T09:31:23,LE1,1,18493.50
2024-04-01T09:31:24,Parabolic stop,1,18491.25
2024-04-01T09:31:35,SE1,1,18487.75
2024-04-01T09:31:52,Parabolic stop,1,18490.25
2024-04-01T09:31:56,LE1,1,18492.25
2024-04-01T09:35:57,LX,1,18565.00
2024-04-01T09:35:57,SE1,1,18566.25
2024-04-01T09:36:00,Parabolic stop,1,18568.75
2024-04-01T09:37:16,LE1,1,18572.25
2024-04-01T09:41:24,LX,1,18593.50
2024-04-01T09:45:11,LE1,1,18594.50
2024-04-01T09:46:43,LX,1,18596.75
2024-04-01T09:50:02,LE1,1,18588.25
2024-04-01T09:50:02,Parabolic stop,1,18585.25
2024-04-01T09:52:25,SE1,1,18585.25
2024-04-01T09:53:13,Parabolic stop,1,18588.00
2024-04-01T09:53:35,LE1,1,18590.75
2024-04-01T09:53:35,Parabolic stop,1,18588.25
2024-04-01T09:53:53,SE1,1,18583.50
2024-04-01T09:53:53,Parabolic stop,1,18587.25
2024-04-01T09:58:35,SE1,1,18593.25
2024-04-01T09:58:35,Parabolic stop,1,18595.25
2024-04-01T10:00:00,LE1,1,18580.00
2024-04-01T10:00:00,Parabolic stop,1,18579.25
2024-04-01T10:00:08,SE1,1,18582.50
2024-04-01T10:00:13,SX,1,18586.75
2024-04-01T10:01:19,LE1,1,18595.00
2024-04-01T10:02:26,LX,1,18588.75
2024-04-01T10:02:26,SE1,1,18592.75
2024-04-01T10:05:27,SX,1,18555.50
2024-04-01T10:11:39,SE1,1,18575.75
2024-04-01T10:11:39,Parabolic stop,1,18580.75
2024-04-01T10:12:00,LE1,1,18582.50
2024-04-01T10:12:00,Parabolic stop,1,18579.75
2024-04-01T10:12:16,SE1,1,18576.50
2024-04-01T10:12:21,Parabolic stop,1,18579.50
2024-04-01T10:20:41,LE1,1,18526.25
2024-04-01T10:22:01,LX,1,18525.50
2024-04-01T10:22:01,SE1,1,18526.50
2024-04-01T10:22:01,Parabolic stop,1,18528.75
2024-04-01T10:22:50,LE1,1,18529.25
2024-04-01T10:22:50,Parabolic stop,1,18526.50
2024-04-01T10:27:33,LE1,1,18545.75
2024-04-01T10:27:33,Parabolic stop,1,18542.75
2024-04-01T10:28:51,LE1,1,18542.25
2024-04-01T10:28:53,Parabolic stop,1,18539.50
2024-04-01T10:31:20,LE1,1,18540.75
2024-04-01T10:31:20,Parabolic stop,1,18537.50
2024-04-01T10:31:43,SE1,1,18534.50
2024-04-01T10:33:44,SX,1,18527.75
2024-04-01T10:36:45,LE1,1,18526.25
2024-04-01T10:36:46,Parabolic stop,1,18524.25
2024-04-01T10:40:06,LE1,1,18491.50
2024-04-01T10:40:06,Parabolic stop,1,18489.00
2024-04-01T10:40:11,SE1,1,18485.75
2024-04-01T10:40:13,Parabolic stop,1,18490.25
2024-04-01T10:40:26,LE1,1,18491.00
2024-04-01T10:40:27,Parabolic stop,1,18488.50
2024-04-01T10:44:02,SE1,1,18496.50
2024-04-01T10:44:02,Parabolic stop,1,18499.75
2024-04-01T10:53:16,LE1,1,18478.25
2024-04-01T10:53:18,Parabolic stop,1,18476.25
2024-04-01T10:54:15,SE1,1,18472.00
2024-04-01T10:54:15,Parabolic stop,1,18475.25
2024-04-01T10:55:23,LE1,1,18477.25
2024-04-01T10:55:23,Parabolic stop,1,18475.00
2024-04-01T11:00:45,SE1,1,18474.50
2024-04-01T11:00:45,Parabolic stop,1,18477.25
2024-04-01T11:06:45,LE1,1,18476.00
2024-04-01T11:08:12,LX,1,18477.75
2024-04-01T11:08:12,SE1,1,18479.00
2024-04-01T11:11:03,SX,1,18468.25
2024-04-01T11:13:15,SE1,1,18460.50
2024-04-01T11:14:04,Parabolic stop,1,18463.50
2024-04-01T11:14:07,LE1,1,18464.50
2024-04-01T11:14:07,Parabolic stop,1,18461.75
2024-04-01T11:15:03,SE1,1,18458.25
2024-04-01T11:17:06,SX,1,18440.50
2024-04-01T11:18:46,SE1,1,18434.00
2024-04-01T11:18:46,Parabolic stop,1,18436.00
2024-04-01T11:19:43,LE1,1,18439.75
2024-04-01T11:19:56,Parabolic stop,1,18437.25
2024-04-01T11:20:35,SE1,1,18435.25
2024-04-01T11:22:33,SX,1,18437.25
2024-04-01T11:35:55,LE1,1,18467.25
2024-04-01T11:36:56,LX,1,18464.75
2024-04-01T11:43:47,LE1,1,18459.00
2024-04-01T11:43:47,Parabolic stop,1,18456.25
2024-04-01T11:46:33,SE1,1,18453.75
2024-04-01T11:47:28,Parabolic stop,1,18456.25
2024-04-01T11:47:49,LE1,1,18456.50
2024-04-01T11:50:31,LX,1,18457.75
2024-04-01T11:50:31,SE1,1,18458.75
2024-04-01T11:55:07,SX,1,18437.75
2024-04-01T11:57:12,SE1,1,18430.75
2024-04-01T11:57:12,Parabolic stop,1,18434.75
2024-04-01T11:57:22,LE1,1,18435.50
2024-04-01T11:57:22,Parabolic stop,1,18433.50
2024-04-01T12:01:45,LE1,1,18426.25
2024-04-01T12:11:10,LX,1,18461.25
2024-04-01T12:11:44,LE1,1,18468.00
2024-04-01T12:11:44,Parabolic stop,1,18465.00
2024-04-01T12:13:12,SE1,1,18466.75
2024-04-01T12:13:12,Parabolic stop,1,18469.75
2024-04-01T12:19:22,SE1,1,18469.50
2024-04-01T12:19:22,Parabolic stop,1,18472.25
2024-04-01T12:25:11,LE1,1,18471.75
2024-04-01T12:25:11,Parabolic stop,1,18468.00
2024-04-01T12:26:02,SE1,1,18467.00
2024-04-01T12:26:02,Parabolic stop,1,18469.75
2024-04-01T12:26:38,LE1,1,18472.25
2024-04-01T12:26:38,Parabolic stop,1,18469.75
2024-04-01T12:40:11,LE1,1,18481.25
2024-04-01T12:48:05,LX,1,18479.25
2024-04-01T13:05:30,LE1,1,18471.25
2024-04-01T13:05:30,Parabolic stop,1,18468.75
2024-04-01T13:15:33,LE1,1,18459.50
2024-04-01T13:15:33,Parabolic stop,1,18457.00
2024-04-01T13:16:51,SE1,1,18455.00
2024-04-01T13:26:12,SX,1,18436.00
2024-04-01T13:41:42,SE1,1,18447.75
2024-04-01T13:41:42,Parabolic stop,1,18450.00
2024-04-01T13:54:36,LE1,1,18454.00
2024-04-01T14:11:22,LX,1,18457.00
2024-04-01T14:16:28,LE1,1,18461.00
2024-04-01T14:16:28,Parabolic stop,1,18458.00
2024-04-01T14:28:54,SE1,1,18471.00
2024-04-01T14:28:54,Parabolic stop,1,18473.50
2024-04-01T14:30:39,LE1,1,18476.00
2024-04-01T14:31:21,Parabolic stop,1,18473.00
2024-04-01T14:32:24,SE1,1,18473.25
2024-04-01T14:33:22,Parabolic stop,1,18475.50
2024-04-01T14:38:13,LE1,1,18476.75
2024-04-01T14:41:12,Parabolic stop,1,18473.50
2024-04-01T14:54:29,SE1,1,18471.00
2024-04-01T14:54:29,Parabolic stop,1,18474.50
2024-04-01T15:08:10,SE1,1,18476.00
2024-04-01T15:08:10,Parabolic stop,1,18478.50
2024-04-01T15:09:15,LE1,1,18481.00
2024-04-01T15:09:15,Parabolic stop,1,18478.50
2024-04-01T15:16:12,LE1,1,18480.25
2024-04-01T15:17:16,Parabolic stop,1,18477.25
2024-04-01T15:23:05,SE1,1,18475.50
2024-04-01T15:23:57,Parabolic stop,1,18477.75
2024-04-01T15:35:47,SE1,1,18471.75
2024-04-01T15:38:00,SX,1,18470.00
2024-04-01T15:48:20,SE1,1,18474.25
2024-04-01T15:48:20,Parabolic stop,1,18476.75
2024-04-01T15:50:43,LE1,1,18477.50
2024-04-01T15:51:50,LX,1,18475.25
2024-04-01T15:51:50,SE1,1,18476.50
2024-04-01T15:51:55,Parabolic stop,1,18476.75
2024-04-01T15:55:48,SE1,1,18503.75
2024-04-01T15:55:54,Parabolic stop,1,18505.50
2024-04-01T15:56:05,LE1,1,18510.00
2024-04-01T15:56:07,Parabolic stop,1,18508.00
2024-04-01T15:57:10,SE1,1,18505.50
2024-04-01T15:59:17,SX,1,18500.25
2024-04-01T16:00:06,LE1,1,18498.50
2024-04-01T16:00:16,Parabolic stop,1,18496.00
2024-04-01T16:04:58,LE1,1,18499.75
2024-04-01T16:05:02,Parabolic stop,1,18497.00
2024-04-01T16:17:56,SE1,1,18495.75
2024-04-01T16:17:56,Parabolic stop,1,18498.25
2024-04-01T16:21:31,LE1,1,18501.00
2024-04-01T16:21:31,Parabolic stop,1,18498.50
2024-04-01T18:37:25,LE1,1,18483.75
2024-04-01T18:37:25,Parabolic stop,1,18480.50
2024-04-01T19:20:32,LE1,1,18483.25
2024-04-01T19:20:32,Parabolic stop,1,18481.00
2024-04-01T19:55:46,LE1,1,18470.00
2024-04-01T19:55:46,Parabolic stop,1,18466.75
2024-04-01T20:02:04,SE1,1,18464.25
2024-04-01T20:02:04,Parabolic stop,1,18466.75
2024-04-01T20:03:20,LE1,1,18469.50
2024-04-01T20:03:20,Parabolic stop,1,18466.50
2024-04-01T20:06:28,SE1,1,18464.50
2024-04-01T20:12:16,Parabolic stop,1,18466.75
2024-04-01T20:37:18,SE1,1,18464.50
2024-04-01T20:37:18,Parabolic stop,1,18467.00
2024-04-01T20:42:54,LE1,1,18469.75
2024-04-01T20:42:54,Parabolic stop,1,18467.25
2024-04-01T21:00:15,SE1,1,18465.25
2024-04-01T21:20:12,Parabolic stop,1,18467.75
2024-04-01T21:20:21,LE1,1,18468.00
2024-04-01T21:37:38,LX,1,18466.00
2024-04-01T21:37:38,SE1,1,18467.25
2024-04-01T21:37:38,Parabolic stop,1,18470.50
2024-04-01T21:45:08,LE1,1,18473.25
2024-04-01T21:45:08,Parabolic stop,1,18470.75
2024-04-01T22:11:20,SE1,1,18467.00
2024-04-01T22:11:20,Parabolic stop,1,18469.50
2024-04-01T22:18:03,LE1,1,18473.00
2024-04-01T23:43:13,LX,1,18480.00
2024-04-02T01:48:32,LE1,1,18467.50
2024-04-02T01:48:32,Parabolic stop,1,18465.00
2024-04-02T03:01:08,LE1,1,18488.75
2024-04-02T03:01:08,Parabolic stop,1,18486.00
2024-04-02T03:13:02,SE1,1,18488.75
2024-04-02T03:13:02,Parabolic stop,1,18491.25
2024-04-02T03:30:54,LE1,1,18457.00
2024-04-02T03:30:54,Parabolic stop,1,18454.75
2024-04-02T03:54:30,LE1,1,18471.00
2024-04-02T03:55:13,Parabolic stop,1,18468.25
2024-04-02T04:06:08,SE1,1,18495.25
2024-04-02T04:17:47,Parabolic stop,1,18498.00
2024-04-02T04:27:30,SE1,1,18500.75
2024-04-02T04:27:30,Parabolic stop,1,18503.50
2024-04-02T05:16:35,SE1,1,18480.50
2024-04-02T05:19:59,Parabolic stop,1,18483.00
2024-04-02T05:47:17,SE1,1,18477.00
2024-04-02T06:16:58,SX,1,18454.75
2024-04-02T06:38:18,SE1,1,18452.00
2024-04-02T06:44:34,SX,1,18433.25
2024-04-02T06:56:31,LE1,1,18437.75
2024-04-02T07:02:05,Parabolic stop,1,18435.75
2024-04-02T07:15:20,LE1,1,18439.75
2024-04-02T07:15:20,Parabolic stop,1,18437.25
2024-04-02T07:46:10,SE1,1,18418.25
2024-04-02T08:02:42,SX,1,18411.50
2024-04-02T08:08:52,LE1,1,18408.00
2024-04-02T08:10:19,Parabolic stop,1,18406.00
2024-04-02T08:51:29,LE1,1,18341.00
2024-04-02T08:54:15,Parabolic stop,1,18336.50
2024-04-02T08:57:53,LE1,1,18337.50
2024-04-02T08:58:10,Parabolic stop,1,18335.00
2024-04-02T09:00:42,SE1,1,18331.00
2024-04-02T09:01:08,SX,1,18336.75
2024-04-02T09:01:20,SE1,1,18328.00
2024-04-02T09:01:48,Parabolic stop,1,18331.25
2024-04-02T09:03:40,LE1,1,18325.75
2024-04-02T09:03:55,Parabolic stop,1,18323.00
2024-04-02T09:21:57,LE1,1,18286.50
2024-04-02T09:22:13,Parabolic stop,1,18283.50
2024-04-02T09:25:00,SE1,1,18279.00
2024-04-02T09:25:37,SX,1,18280.25
2024-04-02T09:30:01,SE1,1,18276.75
2024-04-02T09:30:08,SX,1,18276.50
2024-04-02T09:31:50,LE1,1,18277.50
2024-04-02T09:32:20,LX,1,18281.25
2024-04-02T09:32:20,SE1,1,18282.25
2024-04-02T09:32:42,Parabolic stop,1,18285.50
2024-04-02T09:32:43,LE1,1,18284.25
2024-04-02T09:32:43,Parabolic stop,1,18282.00
2024-04-02T09:34:12,LE1,1,18272.00
2024-04-02T09:34:12,Parabolic stop,1,18269.50
2024-04-02T09:34:24,SE1,1,18265.75
2024-04-02T09:34:27,Parabolic stop,1,18268.25
2024-04-02T09:34:34,LE1,1,18271.50
2024-04-02T09:34:35,Parabolic stop,1,18270.25
2024-04-02T09:35:00,SE1,1,18264.00
2024-04-02T09:35:01,Parabolic stop,1,18271.50
2024-04-02T09:35:07,LE1,1,18270.75
2024-04-02T09:35:20,Parabolic stop,1,18268.25
2024-04-02T09:35:30,SE1,1,18267.50
2024-04-02T09:35:30,Parabolic stop,1,18269.25
2024-04-02T09:35:47,LE1,1,18273.50
2024-04-02T09:35:50,Parabolic stop,1,18271.00
2024-04-02T09:37:27,SE1,1,18282.00
2024-04-02T09:41:24,SX,1,18234.50
2024-04-02T09:42:39,LE1,1,18232.50
2024-04-02T09:42:52,Parabolic stop,1,18228.25
2024-04-02T09:43:02,SE1,1,18229.50
2024-04-02T09:43:13,Parabolic stop,1,18233.00
2024-04-02T09:43:17,LE1,1,18233.25
2024-04-02T09:43:17,Parabolic stop,1,18229.75
2024-04-02T09:43:35,SE1,1,18229.00
2024-04-02T09:43:35,Parabolic stop,1,18232.50
2024-04-02T09:43:48,LE1,1,18233.75
2024-04-02T09:43:48,Parabolic stop,1,18232.75
2024-04-02T09:45:16,SE1,1,18235.25
2024-04-02T09:45:16,Parabolic stop,1,18237.50
2024-04-02T09:45:26,LE1,1,18240.25
2024-04-02T09:45:58,LX,1,18239.25
2024-04-02T09:45:58,SE1,1,18240.50
2024-04-02T09:45:58,Parabolic stop,1,18244.50
2024-04-02T09:46:44,LE1,1,18246.00
2024-04-02T09:46:49,Parabolic stop,1,18244.25
2024-04-02T09:47:43,SE1,1,18243.25
2024-04-02T09:47:43,Parabolic stop,1,18246.25
2024-04-02T09:49:08,LE1,1,18244.50
2024-04-02T09:49:08,Parabolic stop,1,18241.50
2024-04-02T09:49:47,SE1,1,18241.50
2024-04-02T09:50:18,Parabolic stop,1,18244.00
2024-04-02T09:50:23,LE1,1,18243.75
2024-04-02T09:51:27,Parabolic stop,1,18242.25
2024-04-02T09:51:41,SE1,1,18241.50
2024-04-02T09:52:27,SX,1,18243.75
2024-04-02T09:57:40,LE1,1,18241.50
2024-04-02T09:57:40,Parabolic stop,1,18239.00
2024-04-02T10:00:01,SE1,1,18244.00
2024-04-02T10:00:01,Parabolic stop,1,18246.50
2024-04-02T10:00:22,LE1,1,18221.75
2024-04-02T10:01:00,LX,1,18239.00
2024-04-02T10:02:16,LE1,1,18239.50
2024-04-02T10:04:10,LX,1,18257.75
2024-04-02T10:04:10,SE1,1,18259.50
2024-04-02T10:04:10,Parabolic stop,1,18261.75
2024-04-02T10:05:31,SE1,1,18264.00
2024-04-02T10:08:03,SX,1,18248.50
2024-04-02T10:09:30,SE1,1,18243.75
2024-04-02T10:11:21,SX,1,18234.25
2024-04-02T10:11:56,LE1,1,18231.50
2024-04-02T10:11:56,Parabolic stop,1,18229.00
2024-04-02T10:14:28,SE1,1,18213.75
2024-04-02T10:14:35,Parabolic stop,1,18216.00
2024-04-02T10:15:01,LE1,1,18219.50
2024-04-02T10:15:41,Parabolic stop,1,18217.00
2024-04-02T10:16:25,LE1,1,18222.00
2024-04-02T10:16:26,Parabolic stop,1,18219.25
2024-04-02T10:16:44,SE1,1,18215.00
2024-04-02T10:16:45,Parabolic stop,1,18217.75
2024-04-02T10:18:55,LE1,1,18210.75
2024-04-02T10:18:55,Parabolic stop,1,18209.75
2024-04-02T10:26:17,SE1,1,18243.25
2024-04-02T10:26:35,Parabolic stop,1,18245.25
2024-04-02T10:29:23,LE1,1,18242.50
2024-04-02T10:29:28,Parabolic stop,1,18239.75
2024-04-02T10:30:00,SE1,1,18237.25
2024-04-02T10:30:46,Parabolic stop,1,18239.50
2024-04-02T10:31:25,LE1,1,18240.75
2024-04-02T10:31:25,Parabolic stop,1,18238.25
2024-04-02T10:35:21,LE1,1,18238.00
2024-04-02T10:39:49,LX,1,18239.00
2024-04-02T10:39:49,SE1,1,18240.25
2024-04-02T10:39:49,Parabolic stop,1,18243.50
2024-04-02T10:40:17,LE1,1,18245.00
2024-04-02T10:40:17,Parabolic stop,1,18242.50
2024-04-02T10:46:34,LE1,1,18245.75
2024-04-02T10:46:34,Parabolic stop,1,18244.50
2024-04-02T10:51:25,LE1,1,18227.50
2024-04-02T10:51:25,Parabolic stop,1,18224.75
2024-04-02T10:59:45,LE1,1,18219.00
2024-04-02T10:59:45,Parabolic stop,1,18217.00
2024-04-02T11:00:03,SE1,1,18214.25
2024-04-02T11:00:03,Parabolic stop,1,18217.00
2024-04-02T11:06:05,LE1,1,18223.00
2024-04-02T11:32:40,LX,1,18264.50
2024-04-02T11:32:40,SE1,1,18265.00
2024-04-02T11:32:40,Parabolic stop,1,18267.50
2024-04-02T11:37:52,SE1,1,18275.50
2024-04-02T11:56:30,SX,1,18243.50
2024-04-02T12:10:16,LE1,1,18243.50
2024-04-02T12:10:16,Parabolic stop,1,18238.75
2024-04-02T12:11:07,SE1,1,18237.25
2024-04-02T12:11:45,Parabolic stop,1,18240.00
2024-04-02T12:16:00,LE1,1,18242.50
2024-04-02T12:16:04,Parabolic stop,1,18240.00
2024-04-02T12:17:08,SE1,1,18237.25
2024-04-02T12:21:32,Parabolic stop,1,18239.75
2024-04-02T12:22:19,LE1,1,18241.00
2024-04-02T12:25:10,Parabolic stop,1,18239.00
2024-04-02T12:54:56,LE1,1,18280.25
2024-04-02T12:56:50,Parabolic stop,1,18278.25
2024-04-02T13:30:00,LE1,1,18280.75
2024-04-02T13:30:00,Parabolic stop,1,18277.50
2024-04-02T13:34:29,SE1,1,18275.25
2024-04-02T13:34:30,Parabolic stop,1,18278.50
2024-04-02T13:38:20,SE1,1,18275.25
2024-04-02T13:39:24,Parabolic stop,1,18277.50
2024-04-02T13:44:41,LE1,1,18277.50
2024-04-02T13:53:15,LX,1,18281.75
2024-04-02T14:07:35,LE1,1,18283.75
2024-04-02T14:12:47,Parabolic stop,1,18280.75
2024-04-02T14:12:52,SE1,1,18281.25
2024-04-02T14:12:52,Parabolic stop,1,18284.00
2024-04-02T14:14:28,LE1,1,18287.00
2024-04-02T14:14:28,Parabolic stop,1,18284.50
2024-04-02T14:41:06,LE1,1,18284.50
2024-04-02T14:45:19,Parabolic stop,1,18281.75
2024-04-02T14:50:27,LE1,1,18277.75
2024-04-02T15:09:26,LX,1,18302.75
2024-04-02T15:20:55,LE1,1,18287.75
2024-04-02T15:21:17,Parabolic stop,1,18284.75
2024-04-02T15:41:51,SE1,1,18326.00
2024-04-02T15:42:53,Parabolic stop,1,18328.25
2024-04-02T15:44:22,LE1,1,18330.00
2024-04-02T15:44:22,Parabolic stop,1,18327.75
2024-04-02T15:46:54,LE1,1,18330.75
2024-04-02T15:47:35,Parabolic stop,1,18327.50
2024-04-02T15:50:02,SE1,1,18340.50
2024-04-02T15:51:42,SX,1,18341.50
2024-04-02T15:52:23,SE1,1,18337.50
2024-04-02T15:54:10,Parabolic stop,1,18339.25
2024-04-02T15:59:07,LE1,1,18338.50
2024-04-02T15:59:07,Parabolic stop,1,18335.25
2024-04-02T20:48:04,SE1,1,18306.25
2024-04-02T20:48:04,Parabolic stop,1,18309.25
2024-04-02T20:53:04,LE1,1,18311.50
2024-04-02T20:53:04,Parabolic stop,1,18308.75
2024-04-02T21:10:02,LE1,1,18303.25
2024-04-02T21:10:03,Parabolic stop,1,18300.75
2024-04-02T21:18:43,SE1,1,18297.00
2024-04-02T21:18:43,Parabolic stop,1,18299.75
2024-04-02T22:25:50,LE1,1,18303.50
2024-04-02T22:26:23,Parabolic stop,1,18301.00
2024-04-02T23:05:10,LE1,1,18301.50
2024-04-03T00:18:56,LX,1,18300.50
2024-04-03T02:03:15,LE1,1,18274.75
2024-04-03T02:04:25,Parabolic stop,1,18272.00
2024-04-03T02:32:35,SE1,1,18277.00
2024-04-03T02:32:35,Parabolic stop,1,18279.75
2024-04-03T02:38:10,LE1,1,18284.00
2024-04-03T02:38:20,Parabolic stop,1,18281.25
2024-04-03T03:09:36,LE1,1,18275.50
2024-04-03T03:10:04,Parabolic stop,1,18272.00
2024-04-03T03:20:06,SE1,1,18277.50
2024-04-03T03:21:14,Parabolic stop,1,18280.25
2024-04-03T03:35:00,LE1,1,18280.75
2024-04-03T03:35:00,Parabolic stop,1,18278.00
2024-04-03T04:02:04,LE1,1,18278.50
2024-04-03T04:02:04,Parabolic stop,1,18275.75
2024-04-03T04:15:14,LE1,1,18284.50
2024-04-03T04:15:46,Parabolic stop,1,18281.50
2024-04-03T04:18:46,LE1,1,18283.75
2024-04-03T04:18:46,Parabolic stop,1,18281.25
2024-04-03T04:21:54,LE1,1,18285.25
2024-04-03T04:21:54,Parabolic stop,1,18282.25
2024-04-03T04:36:09,SE1,1,18284.75
2024-04-03T04:36:09,Parabolic stop,1,18287.50
2024-04-03T04:39:06,LE1,1,18291.00
2024-04-03T04:39:06,Parabolic stop,1,18288.00
2024-04-03T04:42:40,SE1,1,18285.00
2024-04-03T04:42:40,Parabolic stop,1,18287.75
2024-04-03T04:45:21,LE1,1,18291.00
2024-04-03T04:57:18,LX,1,18293.25
2024-04-03T05:10:44,LE1,1,18292.75
2024-04-03T05:10:44,Parabolic stop,1,18290.25
2024-04-03T05:34:30,LE1,1,18284.25
2024-04-03T05:34:30,Parabolic stop,1,18281.75
2024-04-03T06:07:09,LE1,1,18275.25
2024-04-03T06:07:13,Parabolic stop,1,18272.75
2024-04-03T06:13:21,SE1,1,18269.25
2024-04-03T06:13:21,Parabolic stop,1,18271.75
2024-04-03T06:18:25,LE1,1,18274.75
2024-04-03T06:20:55,Parabolic stop,1,18272.25
2024-04-03T06:44:06,LE1,1,18263.00
2024-04-03T07:07:47,LX,1,18279.50
2024-04-03T07:07:47,SE1,1,18280.75
2024-04-03T07:12:52,Parabolic stop,1,18284.00
2024-04-03T07:14:14,LE1,1,18286.00
2024-04-03T07:25:30,LX,1,18290.75
2024-04-03T07:28:50,LE1,1,18296.75
2024-04-03T07:33:04,LX,1,18298.75
2024-04-03T07:52:00,LE1,1,18295.50
2024-04-03T08:01:34,LX,1,18300.50
2024-04-03T08:01:34,SE1,1,18301.75
2024-04-03T08:01:34,Parabolic stop,1,18304.50
2024-04-03T08:02:46,LE1,1,18308.00
2024-04-03T08:02:46,Parabolic stop,1,18305.25
2024-04-03T08:18:07,LE1,1,18304.75
2024-04-03T08:18:07,Parabolic stop,1,18302.00
2024-04-03T08:23:13,LE1,1,18300.50
2024-04-03T08:23:13,Parabolic stop,1,18297.25
2024-04-03T08:32:40,LE1,1,18268.50
2024-04-03T08:32:40,Parabolic stop,1,18265.75
2024-04-03T08:38:00,SE1,1,18267.25
2024-04-03T08:38:00,Parabolic stop,1,18270.00
2024-04-03T08:38:46,LE1,1,18272.25
2024-04-03T08:42:31,LX,1,18269.75
2024-04-03T08:43:03,LE1,1,18275.25
2024-04-03T08:43:03,Parabolic stop,1,18272.75
2024-04-03T08:45:17,SE1,1,18271.25
2024-04-03T08:52:00,SX,1,18261.00
2024-04-03T08:53:51,SE1,1,18259.50
2024-04-03T08:53:51,Parabolic stop,1,18261.50
2024-04-03T08:54:21,LE1,1,18264.75
2024-04-03T08:57:09,LX,1,18264.25
2024-04-03T08:57:09,SE1,1,18265.50
2024-04-03T08:57:30,Parabolic stop,1,18268.00
2024-04-03T09:30:01,LE1,1,18243.25
2024-04-03T09:30:24,LX,1,18247.75
2024-04-03T09:31:16,LE1,1,18256.25
2024-04-03T09:31:33,Parabolic stop,1,18252.75
2024-04-03T09:31:34,SE1,1,18254.50
2024-04-03T09:31:34,Parabolic stop,1,18258.50
2024-04-03T09:31:38,LE1,1,18259.50
2024-04-03T09:31:38,Parabolic stop,1,18257.00
2024-04-03T09:31:54,SE1,1,18257.00
2024-04-03T09:31:54,Parabolic stop,1,18259.00
2024-04-03T09:32:29,LE1,1,18259.00
2024-04-03T09:32:31,Parabolic stop,1,18256.50
2024-04-03T09:33:30,SE1,1,18264.00
2024-04-03T09:34:00,Parabolic stop,1,18267.75
2024-04-03T09:36:43,LE1,1,18273.25
2024-04-03T09:36:43,Parabolic stop,1,18269.75
2024-04-03T09:37:46,LE1,1,18275.25
2024-04-03T09:37:49,Parabolic stop,1,18272.50
2024-04-03T09:38:42,SE1,1,18274.00
2024-04-03T09:40:09,Parabolic stop,1,18276.25
2024-04-03T09:40:11,LE1,1,18275.50
2024-04-03T09:40:11,Parabolic stop,1,18273.25
2024-04-03T09:40:45,SE1,1,18270.75
2024-04-03T09:40:54,Parabolic stop,1,18275.50
2024-04-03T09:45:23,LE1,1,18264.25
2024-04-03T09:45:24,Parabolic stop,1,18261.00
2024-04-03T09:48:33,SE1,1,18269.50
2024-04-03T09:48:33,Parabolic stop,1,18271.75
2024-04-03T09:50:22,LE1,1,18270.50
2024-04-03T09:50:29,Parabolic stop,1,18268.00
2024-04-03T09:55:25,SE1,1,18274.75
2024-04-03T09:59:40,SX,1,18269.50
2024-04-03T10:00:13,SE1,1,18303.25
2024-04-03T10:00:13,Parabolic stop,1,18303.25
2024-04-03T10:00:34,LE1,1,18310.25
2024-04-03T10:00:49,LX,1,18317.75
2024-04-03T10:00:49,SE1,1,18319.00
2024-04-03T10:00:49,Parabolic stop,1,18320.00
2024-04-03T10:00:50,LE1,1,18319.25
2024-04-03T10:00:54,LX,1,18317.50
2024-04-03T10:01:00,LE1,1,18324.50
2024-04-03T10:03:12,LX,1,18338.75
2024-04-03T10:03:43,LE1,1,18346.00
2024-04-03T10:04:04,Parabolic stop,1,18343.00
2024-04-03T10:04:05,SE1,1,18344.75
2024-04-03T10:04:25,Parabolic stop,1,18346.75
2024-04-03T10:07:29,SE1,1,18360.00
2024-04-03T10:07:45,Parabolic stop,1,18362.50
2024-04-03T10:11:00,LE1,1,18338.50
2024-04-03T10:11:00,Parabolic stop,1,18336.00
2024-04-03T10:18:12,LE1,1,18380.25
2024-04-03T10:29:50,LX,1,18408.25
2024-04-03T10:32:13,LE1,1,18421.25
2024-04-03T10:32:27,Parabolic stop,1,18418.75
2024-04-03T10:41:24,LE1,1,18414.50
2024-04-03T10:41:24,Parabolic stop,1,18412.00
2024-04-03T10:41:43,SE1,1,18408.50
2024-04-03T10:42:50,Parabolic stop,1,18411.00
2024-04-03T10:49:22,SE1,1,18410.25
2024-04-03T10:49:47,Parabolic stop,1,18413.50
2024-04-03T10:50:08,LE1,1,18417.00
2024-04-03T10:50:08,Parabolic stop,1,18416.75
2024-04-03T11:02:19,SE1,1,18429.50
2024-04-03T11:02:19,Parabolic stop,1,18432.00
2024-04-03T11:05:12,LE1,1,18434.75
2024-04-03T11:05:19,Parabolic stop,1,18432.50
2024-04-03T11:07:41,SE1,1,18432.00
2024-04-03T11:07:41,Parabolic stop,1,18434.50
2024-04-03T11:10:02,LE1,1,18436.25
2024-04-03T11:10:02,Parabolic stop,1,18433.00
2024-04-03T11:16:25,SE1,1,18438.25
2024-04-03T11:21:32,Parabolic stop,1,18441.00
2024-04-03T11:24:59,LE1,1,18442.00
2024-04-03T11:24:59,Parabolic stop,1,18440.50
2024-04-03T11:45:04,SE1,1,18440.00
2024-04-03T12:09:50,SX,1,18394.00
2024-04-03T12:10:13,SE1,1,18393.00
2024-04-03T12:10:35,SX,1,18388.75
2024-04-03T12:12:10,SE1,1,18387.75
2024-04-03T12:13:05,Parabolic stop,1,18389.75
2024-04-03T12:13:56,SE1,1,18386.25
2024-04-03T12:13:56,Parabolic stop,1,18388.75
2024-04-03T12:14:34,LE1,1,18391.25
2024-04-03T12:16:37,LX,1,18389.75
2024-04-03T12:17:08,LE1,1,18395.25
2024-04-03T12:26:15,LX,1,18414.75
2024-04-03T12:26:15,SE1,1,18415.75
2024-04-03T12:26:17,Parabolic stop,1,18418.50
2024-04-03T12:27:15,LE1,1,18421.50
2024-04-03T12:27:15,Parabolic stop,1,18419.25
2024-04-03T12:35:05,SE1,1,18429.00
2024-04-03T12:35:05,Parabolic stop,1,18431.50
2024-04-03T12:38:36,LE1,1,18382.75
2024-04-03T12:38:38,Parabolic stop,1,18374.50
2024-04-03T12:39:11,LE1,1,18380.00
2024-04-03T12:39:51,Parabolic stop,1,18377.25
2024-04-03T12:39:57,SE1,1,18376.75
2024-04-03T12:39:58,Parabolic stop,1,18380.00
2024-04-03T12:40:08,LE1,1,18384.25
2024-04-03T12:42:03,LX,1,18409.00
2024-04-03T12:42:32,LE1,1,18417.25
2024-04-03T12:42:32,Parabolic stop,1,18415.00
2024-04-03T12:45:08,SE1,1,18413.00
2024-04-03T12:45:08,Parabolic stop,1,18415.25
2024-04-03T12:46:37,SE1,1,18412.75
2024-04-03T12:46:37,Parabolic stop,1,18416.00
2024-04-03T12:47:18,LE1,1,18419.50
2024-04-03T12:47:24,Parabolic stop,1,18416.25
2024-04-03T12:50:56,LE1,1,18419.50
2024-04-03T12:51:06,Parabolic stop,1,18415.75
2024-04-03T12:54:23,SE1,1,18423.50
2024-04-03T12:54:23,Parabolic stop,1,18425.75
2024-04-03T12:55:22,LE1,1,18426.75
2024-04-03T12:55:22,Parabolic stop,1,18422.75
2024-04-03T13:00:40,LE1,1,18421.50
2024-04-03T13:00:47,Parabolic stop,1,18419.25
2024-04-03T13:04:08,LE1,1,18417.75
2024-04-03T13:04:08,Parabolic stop,1,18413.50
2024-04-03T13:05:01,SE1,1,18414.25
2024-04-03T13:05:01,Parabolic stop,1,18415.75
2024-04-03T13:06:57,LE1,1,18417.50
2024-04-03T13:06:57,Parabolic stop,1,18414.50
2024-04-03T13:17:20,LE1,1,18416.50
2024-04-03T13:17:20,Parabolic stop,1,18414.00
2024-04-03T13:18:20,SE1,1,18409.75
2024-04-03T13:18:25,Parabolic stop,1,18414.25
2024-04-03T13:19:31,LE1,1,18417.25
2024-04-03T13:19:31,Parabolic stop,1,18414.75
2024-04-03T13:21:09,SE1,1,18412.75
2024-04-03T13:21:09,Parabolic stop,1,18415.25
2024-04-03T13:21:49,LE1,1,18417.25
2024-04-03T13:32:15,LX,1,18415.50
2024-04-03T13:56:34,SE1,1,18421.00
2024-04-03T14:06:49,SX,1,18424.50
2024-04-03T14:14:05,SE1,1,18421.50
2024-04-03T14:19:53,SX,1,18417.75
2024-04-03T14:26:42,SE1,1,18412.25
2024-04-03T14:34:14,SX,1,18410.25
2024-04-03T14:55:08,LE1,1,18406.25
2024-04-03T14:55:15,Parabolic stop,1,18403.25
2024-04-03T15:06:11,LE1,1,18396.50
2024-04-03T15:06:22,Parabolic stop,1,18394.50
2024-04-03T15:07:33,LE1,1,18395.25
2024-04-03T15:07:33,Parabolic stop,1,18392.50
2024-04-03T15:11:34,SE1,1,18390.00
2024-04-03T15:15:16,SX,1,18315.50
2024-04-03T15:17:15,SE1,1,18346.75
2024-04-03T15:18:29,Parabolic stop,1,18348.75
2024-04-03T15:18:37,LE1,1,18349.25
2024-04-03T15:18:41,Parabolic stop,1,18346.75
2024-04-03T15:19:19,SE1,1,18343.75
2024-04-03T15:19:19,Parabolic stop,1,18346.25
2024-04-03T15:19:44,LE1,1,18348.25
2024-04-03T15:19:44,Parabolic stop,1,18345.75
2024-04-03T15:20:44,SE1,1,18346.25
2024-04-03T15:20:44,Parabolic stop,1,18349.50
2024-04-03T15:20:50,LE1,1,18350.25
2024-04-03T15:20:50,Parabolic stop,1,18348.00
2024-04-03T15:26:00,LE1,1,18332.00
2024-04-03T15:29:17,LX,1,18332.50
2024-04-03T15:30:32,LE1,1,18327.25
2024-04-03T15:30:32,Parabolic stop,1,18325.00
2024-04-03T15:40:41,SE1,1,18357.75
2024-04-03T15:41:00,Parabolic stop,1,18360.50
2024-04-03T15:51:30,SE1,1,18367.00
2024-04-03T15:51:40,Parabolic stop,1,18369.25
2024-04-03T15:54:50,SE1,1,18371.25
2024-04-03T15:58:39,SX,1,18366.25
2024-04-03T16:14:23,LE1,1,18394.25
2024-04-03T16:14:23,Parabolic stop,1,18391.75
2024-04-03T16:41:21,LE1,1,18393.50
2024-04-03T16:41:21,Parabolic stop,1,18391.00
2024-04-03T16:59:57,SE1,1,18405.00
2024-04-03T18:38:20,SX,1,18389.75
2024-04-03T19:31:25,SE1,1,18475.75
2024-04-03T19:52:13,SX,1,18446.50
2024-04-03T20:25:39,LE1,1,18441.25
2024-04-03T20:25:39,Parabolic stop,1,18438.50
2024-04-03T20:37:13,LE1,1,18439.00
2024-04-03T20:38:09,Parabolic stop,1,18436.50
2024-04-03T21:09:15,SE1,1,18434.50
2024-04-03T21:10:41,Parabolic stop,1,18437.00
2024-04-03T21:15:49,LE1,1,18440.00
2024-04-03T21:15:49,Parabolic stop,1,18437.50
2024-04-04T02:12:54,LE1,1,18431.25
2024-04-04T02:12:54,Parabolic stop,1,18428.50
2024-04-04T02:15:10,SE1,1,18425.25
2024-04-04T02:15:10,Parabolic stop,1,18427.50
2024-04-04T02:39:40,SE1,1,18422.25
2024-04-04T02:39:40,Parabolic stop,1,18425.00
2024-04-04T02:45:52,LE1,1,18428.75
2024-04-04T02:45:52,Parabolic stop,1,18426.00
2024-04-04T02:53:34,SE1,1,18422.50
2024-04-04T03:00:29,Parabolic stop,1,18425.25
2024-04-04T03:04:13,LE1,1,18425.25
2024-04-04T03:04:58,Parabolic stop,1,18422.75
2024-04-04T03:06:48,SE1,1,18420.75
2024-04-04T03:12:47,SX,1,18423.00
2024-04-04T03:17:19,LE1,1,18431.50
2024-04-04T03:17:19,Parabolic stop,1,18428.50
2024-04-04T03:18:21,SE1,1,18425.50
2024-04-04T03:18:21,Parabolic stop,1,18427.75
2024-04-04T03:20:00,LE1,1,18432.00
2024-04-04T03:20:58,Parabolic stop,1,18430.00
2024-04-04T03:58:33,LE1,1,18441.25
2024-04-04T03:58:33,Parabolic stop,1,18438.50
2024-04-04T04:15:22,SE1,1,18444.25
2024-04-04T04:15:59,Parabolic stop,1,18446.75
2024-04-04T05:50:19,SE1,1,18451.25
2024-04-04T05:50:19,Parabolic stop,1,18454.00
2024-04-04T06:01:12,SE1,1,18451.50
2024-04-04T06:10:50,Parabolic stop,1,18454.50
2024-04-04T07:20:25,SE1,1,18454.50
2024-04-04T07:20:25,Parabolic stop,1,18457.00
2024-04-04T07:49:07,LE1,1,18454.25
2024-04-04T07:49:07,Parabolic stop,1,18451.50
2024-04-04T08:00:00,LE1,1,18454.75
2024-04-04T08:00:00,Parabolic stop,1,18452.25
2024-04-04T08:05:35,LE1,1,18452.50
2024-04-04T08:05:35,Parabolic stop,1,18449.50
2024-04-04T08:14:33,LE1,1,18453.50
2024-04-04T08:15:01,Parabolic stop,1,18451.00
2024-04-04T08:27:27,LE1,1,18454.25
2024-04-04T08:27:27,Parabolic stop,1,18451.50
2024-04-04T09:04:09,SE1,1,18532.75
2024-04-04T09:04:09,Parabolic stop,1,18535.75
2024-04-04T09:05:18,LE1,1,18538.00
2024-04-04T09:05:23,Parabolic stop,1,18536.00
2024-04-04T09:18:20,LE1,1,18547.50
2024-04-04T09:18:23,Parabolic stop,1,18545.00
2024-04-04T09:20:13,SE1,1,18543.00
2024-04-04T09:22:54,Parabolic stop,1,18545.50
2024-04-04T09:27:01,LE1,1,18545.75
2024-04-04T09:27:01,Parabolic stop,1,18543.00
2024-04-04T09:28:39,SE1,1,18539.00
2024-04-04T09:28:39,Parabolic stop,1,18543.25
2024-04-04T09:29:23,LE1,1,18545.75
2024-04-04T09:29:23,Parabolic stop,1,18543.25
2024-04-04T09:30:01,SE1,1,18540.25
2024-04-04T09:30:01,Parabolic stop,1,18543.50
2024-04-04T09:30:07,LE1,1,18546.75
2024-04-04T09:30:08,Parabolic stop,1,18543.75
2024-04-04T09:30:11,SE1,1,18544.25
2024-04-04T09:30:24,SX,1,18545.75
2024-04-04T09:30:30,SE1,1,18541.75
2024-04-04T09:30:31,Parabolic stop,1,18544.00
2024-04-04T09:30:33,LE1,1,18545.75
2024-04-04T09:30:33,Parabolic stop,1,18542.00
2024-04-04T09:30:41,SE1,1,18540.25
2024-04-04T09:31:35,SX,1,18539.75
2024-04-04T09:31:40,SE1,1,18534.50
2024-04-04T09:31:49,Parabolic stop,1,18539.00
2024-04-04T09:31:55,LE1,1,18540.00
2024-04-04T09:31:55,Parabolic stop,1,18537.50
2024-04-04T09:33:02,LE1,1,18541.00
2024-04-04T09:33:36,LX,1,18540.00
2024-04-04T09:33:36,SE1,1,18541.50
2024-04-04T09:33:36,Parabolic stop,1,18544.50
2024-04-04T09:34:00,LE1,1,18545.00
2024-04-04T09:34:02,Parabolic stop,1,18542.50
2024-04-04T09:44:01,SE1,1,18541.50
2024-04-04T09:45:00,SX,1,18545.25
2024-04-04T09:45:30,SE1,1,18539.50
2024-04-04T09:45:46,Parabolic stop,1,18542.00
2024-04-04T09:48:17,SE1,1,18532.75
2024-04-04T09:49:03,Parabolic stop,1,18535.00
2024-04-04T09:49:28,LE1,1,18536.00
2024-04-04T09:49:28,Parabolic stop,1,18534.50
2024-04-04T09:50:28,SE1,1,18531.25
2024-04-04T09:50:29,Parabolic stop,1,18532.50
2024-04-04T09:53:52,LE1,1,18519.75
2024-04-04T09:54:06,Parabolic stop,1,18517.25
2024-04-04T09:56:48,LE1,1,18520.50
2024-04-04T09:56:48,Parabolic stop,1,18518.00
2024-04-04T09:57:22,SE1,1,18515.25
2024-04-04T09:57:22,Parabolic stop,1,18517.75
2024-04-04T10:03:02,LE1,1,18524.25
2024-04-04T10:03:02,Parabolic stop,1,18521.75
2024-04-04T10:03:49,SE1,1,18519.75
2024-04-04T10:03:49,Parabolic stop,1,18522.00
2024-04-04T10:06:49,LE1,1,18522.75
2024-04-04T10:10:50,Parabolic stop,1,18520.00
2024-04-04T10:11:00,SE1,1,18520.25
2024-04-04T10:11:11,Parabolic stop,1,18522.50
2024-04-04T10:17:28,LE1,1,18520.50
2024-04-04T10:18:06,Parabolic stop,1,18518.00
2024-04-04T10:24:52,LE1,1,18497.75
2024-04-04T10:24:52,Parabolic stop,1,18496.75
2024-04-04T10:37:49,LE1,1,18496.00
2024-04-04T10:37:49,Parabolic stop,1,18493.25
2024-04-04T10:50:30,SE1,1,18499.00
2024-04-04T10:57:27,SX,1,18501.25
2024-04-04T11:17:11,LE1,1,18490.00
2024-04-04T11:17:11,Parabolic stop,1,18487.50
2024-04-04T12:12:08,SE1,1,18553.25
2024-04-04T12:22:22,Parabolic stop,1,18555.25
2024-04-04T12:35:46,LE1,1,18555.50
2024-04-04T12:35:46,Parabolic stop,1,18552.50
2024-04-04T13:10:01,LE1,1,18553.50
2024-04-04T13:10:01,Parabolic stop,1,18551.00
2024-04-04T13:58:00,SE1,1,18509.50
2024-04-04T13:59:15,SX,1,18499.25
2024-04-04T14:03:35,LE1,1,18492.50
2024-04-04T14:03:35,Parabolic stop,1,18489.50
2024-04-04T14:11:20,LE1,1,18429.50
2024-04-04T14:13:04,LX,1,18431.00
2024-04-04T14:13:04,SE1,1,18432.25
2024-04-04T14:15:16,SX,1,18417.75
2024-04-04T14:15:52,SE1,1,18410.25
2024-04-04T14:16:46,SX,1,18413.25
2024-04-04T14:18:00,SE1,1,18404.00
2024-04-04T14:18:35,SX,1,18389.75
2024-04-04T14:18:46,LE1,1,18390.00
2024-04-04T14:18:47,Parabolic stop,1,18388.50
2024-04-04T14:19:15,SE1,1,18382.25
2024-04-04T14:19:29,Parabolic stop,1,18384.50
2024-04-04T14:19:32,LE1,1,18386.75
2024-04-04T14:20:00,Parabolic stop,1,18383.50
2024-04-04T14:20:47,LE1,1,18385.50
2024-04-04T14:21:38,LX,1,18388.00
2024-04-04T14:21:38,SE1,1,18389.00
2024-04-04T14:21:56,Parabolic stop,1,18392.00
2024-04-04T14:21:56,LE1,1,18391.00
2024-04-04T14:21:56,Parabolic stop,1,18388.25
2024-04-04T14:31:01,LE1,1,18295.75
2024-04-04T14:31:01,Parabolic stop,1,18295.50
2024-04-04T14:31:30,SE1,1,18295.25
2024-04-04T14:31:35,Parabolic stop,1,18297.75
2024-04-04T14:31:46,LE1,1,18301.75
2024-04-04T14:31:47,Parabolic stop,1,18299.50
2024-04-04T14:32:03,SE1,1,18294.00
2024-04-04T14:32:55,SX,1,18277.75
2024-04-04T14:33:24,LE1,1,18289.00
2024-04-04T14:33:24,Parabolic stop,1,18285.00
2024-04-04T14:34:15,SE1,1,18288.25
2024-04-04T14:35:13,SX,1,18284.25
2024-04-04T14:35:44,SE1,1,18293.75
2024-04-04T14:35:44,Parabolic stop,1,18295.75
2024-04-04T14:36:02,SE1,1,18293.50
2024-04-04T14:36:04,Parabolic stop,1,18295.00
2024-04-04T14:38:31,SE1,1,18318.25
2024-04-04T14:38:40,Parabolic stop,1,18321.25
2024-04-04T14:38:41,LE1,1,18323.75
2024-04-04T14:38:42,Parabolic stop,1,18317.75
2024-04-04T14:38:51,SE1,1,18317.00
2024-04-04T14:38:51,Parabolic stop,1,18319.50
2024-04-04T14:38:55,LE1,1,18320.50
2024-04-04T14:39:17,Parabolic stop,1,18318.00
2024-04-04T14:39:24,SE1,1,18316.00
2024-04-04T14:40:30,SX,1,18303.25
2024-04-04T14:40:47,SE1,1,18297.25
2024-04-04T14:40:47,Parabolic stop,1,18301.75
2024-04-04T14:40:59,LE1,1,18300.75
2024-04-04T14:40:59,Parabolic stop,1,18298.50
2024-04-04T14:41:51,LE1,1,18286.25
2024-04-04T14:41:51,Parabolic stop,1,18287.75
2024-04-04T14:42:12,SE1,1,18295.50
2024-04-04T14:43:18,SX,1,18286.00
2024-04-04T14:43:27,SE1,1,18278.50
2024-04-04T14:43:32,Parabolic stop,1,18281.50
2024-04-04T14:45:18,LE1,1,18251.25
2024-04-04T14:45:58,LX,1,18269.00
2024-04-04T14:46:06,LE1,1,18276.00
2024-04-04T14:46:16,Parabolic stop,1,18274.25
2024-04-04T14:46:30,LE1,1,18278.25
2024-04-04T14:46:40,Parabolic stop,1,18274.25
2024-04-04T14:46:40,SE1,1,18275.00
2024-04-04T14:46:40,Parabolic stop,1,18277.50
2024-04-04T14:46:50,LE1,1,18280.00
2024-04-04T14:46:50,Parabolic stop,1,18277.50
2024-04-04T14:47:00,SE1,1,18275.00
2024-04-04T14:47:33,SX,1,18276.75
2024-04-04T14:47:49,SE1,1,18274.00
2024-04-04T14:48:19,SX,1,18280.00
2024-04-04T14:48:36,LE1,1,18276.75
2024-04-04T14:48:36,Parabolic stop,1,18273.50
2024-04-04T14:48:43,SE1,1,18274.00
2024-04-04T14:48:43,Parabolic stop,1,18277.50
2024-04-04T14:49:15,LE1,1,18275.00
2024-04-04T14:50:10,LX,1,18274.25
2024-04-04T14:50:10,SE1,1,18275.75
2024-04-04T14:51:00,Parabolic stop,1,18281.25
2024-04-04T14:51:00,LE1,1,18278.75
2024-04-04T14:51:01,Parabolic stop,1,18274.50
2024-04-04T14:51:40,SE1,1,18273.75
2024-04-04T14:51:40,Parabolic stop,1,18279.25
2024-04-04T14:51:53,LE1,1,18278.50
2024-04-04T14:51:59,Parabolic stop,1,18274.25
2024-04-04T14:52:03,SE1,1,18275.50
2024-04-04T14:52:03,Parabolic stop,1,18277.75
2024-04-04T14:53:48,LE1,1,18259.50
2024-04-04T14:53:48,Parabolic stop,1,18256.75
2024-04-04T14:54:31,SE1,1,18254.00
2024-04-04T14:54:45,Parabolic stop,1,18256.25
2024-04-04T14:55:00,SE1,1,18254.25
2024-04-04T14:56:03,SX,1,18222.25
2024-04-04T14:56:30,LE1,1,18233.00
2024-04-04T14:56:30,Parabolic stop,1,18229.75
2024-04-04T14:57:13,LE1,1,18234.75
2024-04-04T14:57:13,Parabolic stop,1,18232.00
2024-04-04T14:57:19,SE1,1,18229.25
2024-04-04T14:57:19,Parabolic stop,1,18232.75
2024-04-04T14:57:27,LE1,1,18234.75
2024-04-04T14:57:27,Parabolic stop,1,18230.50
2024-04-04T14:57:52,LE1,1,18233.00
2024-04-04T14:57:56,Parabolic stop,1,18230.75
2024-04-04T14:58:59,LE1,1,18221.75
2024-04-04T14:58:59,Parabolic stop,1,18219.25
2024-04-04T14:59:09,SE1,1,18216.00
2024-04-04T14:59:09,Parabolic stop,1,18218.00
2024-04-04T14:59:48,LE1,1,18216.00
2024-04-04T15:00:00,LX,1,18216.50
2024-04-04T15:01:04,LE1,1,18194.00
2024-04-04T15:01:04,Parabolic stop,1,18191.00
2024-04-04T15:02:15,SE1,1,18185.25
2024-04-04T15:02:15,Parabolic stop,1,18188.25
2024-04-04T15:02:19,LE1,1,18191.75
2024-04-04T15:02:45,LX,1,18196.25
2024-04-04T15:03:00,LE1,1,18198.50
2024-04-04T15:03:56,LX,1,18203.75
2024-04-04T15:03:56,SE1,1,18205.00
2024-04-04T15:05:02,SX,1,18183.75
2024-04-04T15:06:00,SE1,1,18196.25
2024-04-04T15:06:36,SX,1,18192.50
2024-04-04T15:07:27,SE1,1,18198.75
2024-04-04T15:07:27,Parabolic stop,1,18201.50
2024-04-04T15:08:22,LE1,1,18196.75
2024-04-04T15:09:23,LX,1,18199.50
2024-04-04T15:09:23,SE1,1,18200.50
2024-04-04T15:09:23,Parabolic stop,1,18201.75
2024-04-04T15:09:45,LE1,1,18203.25
2024-04-04T15:10:00,LX,1,18201.00
2024-04-04T15:11:31,LE1,1,18184.00
2024-04-04T15:11:44,Parabolic stop,1,18180.25
2024-04-04T15:12:05,LE1,1,18185.50
2024-04-04T15:12:05,Parabolic stop,1,18183.00
2024-04-04T15:12:28,LE1,1,18180.50
2024-04-04T15:12:33,Parabolic stop,1,18177.75
2024-04-04T15:13:41,SE1,1,18178.00
2024-04-04T15:13:41,Parabolic stop,1,18181.00
2024-04-04T15:13:53,LE1,1,18181.00
2024-04-04T15:13:53,Parabolic stop,1,18177.75
2024-04-04T15:14:30,LE1,1,18181.25
2024-04-04T15:15:04,LX,1,18179.50
2024-04-04T15:15:04,SE1,1,18182.25
2024-04-04T15:16:04,SX,1,18173.50
2024-04-04T15:16:32,LE1,1,18175.00
2024-04-04T15:16:55,LX,1,18173.50
2024-04-04T15:16:55,SE1,1,18175.00
2024-04-04T15:17:02,Parabolic stop,1,18176.00
2024-04-04T15:18:10,LE1,1,18160.00
2024-04-04T15:18:10,Parabolic stop,1,18156.25
2024-04-04T15:18:24,SE1,1,18156.25
2024-04-04T15:18:27,Parabolic stop,1,18164.00
2024-04-04T15:18:57,LE1,1,18160.75
2024-04-04T15:19:17,LX,1,18156.75
2024-04-04T15:19:17,SE1,1,18159.00
2024-04-04T15:19:22,Parabolic stop,1,18160.00
2024-04-04T15:20:02,LE1,1,18162.75
2024-04-04T15:21:00,LX,1,18169.00
2024-04-04T15:21:00,SE1,1,18170.00
2024-04-04T15:21:16,SX,1,18171.25
2024-04-04T15:22:24,SE1,1,18168.25
2024-04-04T15:22:24,Parabolic stop,1,18172.25
2024-04-04T15:24:43,LE1,1,18158.00
2024-04-04T15:24:43,Parabolic stop,1,18156.00
2024-04-04T15:25:18,SE1,1,18157.25
2024-04-04T15:25:24,Parabolic stop,1,18157.75
2024-04-04T15:30:10,LE1,1,18115.00
2024-04-04T15:30:10,Parabolic stop,1,18114.25
2024-04-04T15:30:27,SE1,1,18118.00
2024-04-04T15:30:27,Parabolic stop,1,18120.75
2024-04-04T15:32:03,SE1,1,18112.75
2024-04-04T15:32:07,Parabolic stop,1,18116.00
2024-04-04T15:32:33,LE1,1,18116.75
2024-04-04T15:33:35,LX,1,18128.25
2024-04-04T15:34:04,LE1,1,18134.25
2024-04-04T15:34:04,Parabolic stop,1,18132.00
2024-04-04T15:34:32,SE1,1,18129.25
2024-04-04T15:34:32,Parabolic stop,1,18131.25
2024-04-04T15:34:47,LE1,1,18137.75
2024-04-04T15:34:47,Parabolic stop,1,18137.50
2024-04-04T15:36:25,LE1,1,18120.50
2024-04-04T15:36:25,Parabolic stop,1,18118.25
2024-04-04T15:37:05,LE1,1,18118.25
2024-04-04T15:37:26,Parabolic stop,1,18116.50
2024-04-04T15:37:34,SE1,1,18115.25
2024-04-04T15:37:34,Parabolic stop,1,18118.50
2024-04-04T15:40:04,LE1,1,18104.75
2024-04-04T15:40:04,Parabolic stop,1,18103.00
2024-04-04T15:40:49,SE1,1,18101.50
2024-04-04T15:42:05,SX,1,18089.25
2024-04-04T15:43:26,SE1,1,18086.75
2024-04-04T15:43:26,Parabolic stop,1,18090.00
2024-04-04T15:44:05,LE1,1,18094.25
2024-04-04T15:44:05,Parabolic stop,1,18091.50
2024-04-04T15:45:28,SE1,1,18103.25
2024-04-04T15:45:37,Parabolic stop,1,18107.50
2024-04-04T15:45:43,LE1,1,18110.00
2024-04-04T15:46:33,LX,1,18110.00
2024-04-04T15:48:53,SE1,1,18105.75
2024-04-04T15:48:53,Parabolic stop,1,18108.75
2024-04-04T15:52:00,LE1,1,18117.75
2024-04-04T15:52:00,Parabolic stop,1,18113.00
2024-04-04T15:52:14,SE1,1,18112.25
2024-04-04T15:52:20,Parabolic stop,1,18114.50
2024-04-04T15:52:28,LE1,1,18116.50
2024-04-04T15:53:12,LX,1,18114.00
2024-04-04T15:54:03,LE1,1,18108.25
2024-04-04T15:54:03,Parabolic stop,1,18106.50
2024-04-04T15:54:40,SE1,1,18115.50
2024-04-04T15:54:40,Parabolic stop,1,18119.50
2024-04-04T15:55:00,SE1,1,18115.25
2024-04-04T15:56:08,SX,1,18108.00
2024-04-04T15:59:31,LE1,1,18080.25
2024-04-04T15:59:35,Parabolic stop,1,18078.25
2024-04-04T15:59:59,LE1,1,18075.00
2024-04-04T16:03:55,LX,1,18088.25
2024-04-04T16:03:55,SE1,1,18089.25
2024-04-04T16:03:55,Parabolic stop,1,18091.00
2024-04-04T16:04:31,LE1,1,18096.00
2024-04-04T16:04:31,Parabolic stop,1,18093.00
2024-04-04T16:05:52,SE1,1,18092.25
2024-04-04T16:08:51,SX,1,18094.00
2024-04-04T16:09:33,SE1,1,18086.25
2024-04-04T16:09:33,Parabolic stop,1,18089.00
2024-04-04T16:11:12,LE1,1,18092.25
2024-04-04T16:11:12,Parabolic stop,1,18088.00
2024-04-04T16:19:35,LE1,1,18067.50
2024-04-04T16:19:35,Parabolic stop,1,18065.00
2024-04-04T16:33:14,LE1,1,18063.75
2024-04-04T18:03:23,LX,1,18101.75
2024-04-04T18:09:52,LE1,1,18107.25
2024-04-04T18:19:11,LX,1,18107.00
2024-04-04T18:19:11,SE1,1,18108.25
2024-04-04T18:19:11,Parabolic stop,1,18111.00
2024-04-04T18:24:58,LE1,1,18086.25
2024-04-04T18:24:59,Parabolic stop,1,18083.75
2024-04-04T18:26:59,LE1,1,18085.25
2024-04-04T18:38:35,LX,1,18100.00
2024-04-04T18:47:34,SE1,1,18100.25
2024-04-04T18:47:34,Parabolic stop,1,18103.25
2024-04-04T19:03:43,LE1,1,18095.50
2024-04-04T19:08:46,LX,1,18094.75
2024-04-04T19:30:00,LE1,1,18092.25
2024-04-04T19:42:11,LX,1,18091.25
2024-04-04T19:42:11,SE1,1,18092.75
2024-04-04T19:43:05,Parabolic stop,1,18095.25
2024-04-04T19:51:22,LE1,1,18099.00
2024-04-04T19:51:22,Parabolic stop,1,18096.50
2024-04-04T19:55:47,SE1,1,18093.00
2024-04-04T20:04:14,SX,1,18095.00
2024-04-04T20:06:11,SE1,1,18088.75
2024-04-04T20:06:11,Parabolic stop,1,18091.00
2024-04-04T20:08:15,LE1,1,18095.00
2024-04-04T20:15:42,LX,1,18098.00
2024-04-04T20:49:58,LE1,1,18081.00
2024-04-04T21:22:39,LX,1,18088.25
2024-04-04T21:36:46,LE1,1,18078.50
2024-04-04T21:48:23,Parabolic stop,1,18076.50
2024-04-04T22:00:44,LE1,1,18073.00
2024-04-04T22:01:17,Parabolic stop,1,18070.75
2024-04-04T22:06:08,SE1,1,18067.00
2024-04-04T22:06:08,Parabolic stop,1,18070.00
2024-04-04T22:09:25,LE1,1,18073.75
2024-04-04T22:09:25,Parabolic stop,1,18071.50
2024-04-05T00:20:57,SE1,1,18101.75
2024-04-05T00:20:57,Parabolic stop,1,18104.25
2024-04-05T00:33:35,LE1,1,18107.75
2024-04-05T01:17:50,LX,1,18115.50
2024-04-05T03:01:44,LE1,1,18120.00
2024-04-05T03:02:08,Parabolic stop,1,18116.00
2024-04-05T03:10:23,SE1,1,18113.00
2024-04-05T03:10:23,Parabolic stop,1,18115.50
2024-04-05T03:10:48,LE1,1,18119.25
2024-04-05T03:15:41,Parabolic stop,1,18116.75
2024-04-05T03:18:11,LE1,1,18123.25
2024-04-05T03:18:21,Parabolic stop,1,18120.75
2024-04-05T03:52:08,LE1,1,18129.25
2024-04-05T04:07:42,LX,1,18135.25
2024-04-05T04:27:39,LE1,1,18131.00
2024-04-05T04:42:02,LX,1,18132.25
2024-04-05T04:42:02,SE1,1,18134.00
2024-04-05T04:50:09,Parabolic stop,1,18136.25
2024-04-05T04:59:28,LE1,1,18131.00
2024-04-05T05:07:49,LX,1,18129.75
2024-04-05T05:07:49,SE1,1,18131.50
2024-04-05T05:07:49,Parabolic stop,1,18134.25
2024-04-05T05:12:35,LE1,1,18137.00
2024-04-05T05:12:49,Parabolic stop,1,18132.75
2024-04-05T05:21:52,LE1,1,18135.75
2024-04-05T05:22:21,Parabolic stop,1,18133.25
2024-04-05T05:24:52,SE1,1,18131.50
2024-04-05T05:26:29,Parabolic stop,1,18133.50
2024-04-05T05:31:32,LE1,1,18135.75
2024-04-05T05:31:32,Parabolic stop,1,18133.50
2024-04-05T05:40:26,LE1,1,18136.25
2024-04-05T05:40:26,Parabolic stop,1,18133.00
2024-04-05T05:42:19,SE1,1,18130.50
2024-04-05T05:46:15,Parabolic stop,1,18133.00
2024-04-05T06:01:05,SE1,1,18135.00
2024-04-05T06:35:15,SX,1,18132.50
2024-04-05T07:25:15,SE1,1,18136.00
2024-04-05T07:26:07,Parabolic stop,1,18138.50
2024-04-05T07:49:26,SE1,1,18155.75
2024-04-05T07:49:26,Parabolic stop,1,18158.50
2024-04-05T08:01:17,LE1,1,18154.25
2024-04-05T08:01:17,Parabolic stop,1,18150.25
2024-04-05T08:06:38,SE1,1,18149.75
2024-04-05T08:28:45,SX,1,18149.50
2024-04-05T08:30:01,LE1,1,18087.00
2024-04-05T08:30:01,LX,1,18068.75
2024-04-05T08:30:01,LE1,1,18087.00
2024-04-05T08:30:01,LX,1,18068.75
2024-04-05T08:30:01,LE1,1,18087.00
2024-04-05T08:30:01,LX,1,18068.75
2024-04-05T08:30:01,LE1,1,18087.00
2024-04-05T08:30:01,Parabolic stop,1,18068.75
2024-04-05T08:30:01,LE1,1,18087.00
2024-04-05T08:30:01,Parabolic stop,1,18068.75
2024-04-05T08:30:01,LE1,1,18087.00
2024-04-05T08:30:01,LX,1,18068.75
2024-04-05T08:30:01,LE1,1,18087.00
2024-04-05T08:30:01,LX,1,18068.75
2024-04-05T08:30:02,LE1,1,18059.00
2024-04-05T08:30:02,LX,1,18053.50
2024-04-05T08:30:02,LE1,1,18059.00
2024-04-05T08:30:02,LX,1,18053.50
2024-04-05T08:30:02,LE1,1,18059.00
2024-04-05T08:30:02,LX,1,18053.50
2024-04-05T08:30:02,SE1,1,18068.25
2024-04-05T08:30:02,Parabolic stop,1,18060.25
2024-04-05T08:30:02,LE1,1,18059.00
2024-04-05T08:30:02,LX,1,18053.50
2024-04-05T08:30:05,LE1,1,18065.00
2024-04-05T08:30:05,Parabolic stop,1,18062.50
2024-04-05T08:30:06,LE1,1,18074.00
2024-04-05T08:30:06,Parabolic stop,1,18067.50
2024-04-05T08:30:07,LE1,1,18066.75
2024-04-05T08:30:07,LX,1,18060.50
2024-04-05T08:30:07,SE1,1,18068.25
2024-04-05T08:30:09,SX,1,18064.00
2024-04-05T08:30:09,SE1,1,18065.50
2024-04-05T08:30:10,SX,1,18079.50
2024-04-05T08:30:10,SE1,1,18080.00
2024-04-05T08:30:10,Parabolic stop,1,18083.75
2024-04-05T08:30:11,LE1,1,18082.00
2024-04-05T08:30:11,Parabolic stop,1,18079.75
2024-04-05T08:30:16,SE1,1,18088.00
2024-04-05T08:30:17,Parabolic stop,1,18093.25
2024-04-05T08:30:18,LE1,1,18088.50
2024-04-05T08:30:18,LX,1,18086.25
2024-04-05T08:30:23,LE1,1,18092.25
2024-04-05T08:30:23,Parabolic stop,1,18091.25
2024-04-05T08:30:47,LE1,1,18093.50
2024-04-05T08:31:11,LX,1,18114.50
2024-04-05T08:31:11,SE1,1,18115.25
2024-04-05T08:31:33,SX,1,18098.75
2024-04-05T08:32:04,LE1,1,18113.25
2024-04-05T08:32:37,LX,1,18112.50
2024-04-05T08:33:10,LE1,1,18086.75
2024-04-05T08:33:10,LX,1,18085.50
2024-04-05T08:33:23,LE1,1,18092.00
2024-04-05T08:33:23,Parabolic stop,1,18091.25
2024-04-05T08:34:16,SE1,1,18153.25
2024-04-05T08:34:23,SX,1,18149.00
2024-04-05T08:34:46,LE1,1,18150.75
2024-04-05T08:34:46,Parabolic stop,1,18147.00
2024-04-05T08:34:48,SE1,1,18150.00
2024-04-05T08:34:48,Parabolic stop,1,18154.00
2024-04-05T08:34:49,LE1,1,18154.00
2024-04-05T08:35:09,LX,1,18150.00
2024-04-05T08:35:09,SE1,1,18154.00
2024-04-05T08:36:00,SX,1,18140.50
2024-04-05T08:36:07,SE1,1,18131.75
2024-04-05T08:36:17,SX,1,18133.50
2024-04-05T08:36:36,SE1,1,18137.00
2024-04-05T08:37:15,SX,1,18136.25
2024-04-05T08:37:39,LE1,1,18142.25
2024-04-05T08:37:46,Parabolic stop,1,18138.50
2024-04-05T08:38:03,LE1,1,18143.25
2024-04-05T08:38:03,Parabolic stop,1,18139.00
2024-04-05T08:38:12,LE1,1,18144.75
2024-04-05T08:38:49,LX,1,18157.50
2024-04-05T08:38:49,SE1,1,18159.25
2024-04-05T08:39:12,SX,1,18160.00
2024-04-05T08:39:24,SE1,1,18152.00
2024-04-05T08:40:36,SX,1,18149.25
2024-04-05T08:40:45,SE1,1,18140.00
2024-04-05T08:40:46,Parabolic stop,1,18145.00
2024-04-05T08:40:55,LE1,1,18144.50
2024-04-05T08:41:20,LX,1,18146.00
2024-04-05T08:41:20,SE1,1,18147.50
2024-04-05T08:41:26,Parabolic stop,1,18149.50
2024-04-05T08:42:07,LE1,1,18150.50
2024-04-05T08:43:25,LX,1,18176.50
2024-04-05T08:44:00,SE1,1,18177.25
2024-04-05T08:44:07,Parabolic stop,1,18180.25
2024-04-05T08:44:19,LE1,1,18180.75
2024-04-05T08:44:52,LX,1,18179.50
2024-04-05T08:44:52,SE1,1,18180.75
2024-04-05T08:44:52,Parabolic stop,1,18183.50
2024-04-05T08:45:51,LE1,1,18181.50
2024-04-05T08:45:51,Parabolic stop,1,18178.50
2024-04-05T08:49:17,LE1,1,18146.50
2024-04-05T08:49:31,Parabolic stop,1,18143.75
2024-04-05T08:49:37,SE1,1,18140.25
2024-04-05T08:49:38,Parabolic stop,1,18144.00
2024-04-05T08:49:52,LE1,1,18146.50
2024-04-05T08:50:26,LX,1,18153.00
2024-04-05T08:52:24,LE1,1,18147.50
2024-04-05T08:52:24,Parabolic stop,1,18143.00
2024-04-05T08:54:37,LE1,1,18163.00
2024-04-05T08:54:37,Parabolic stop,1,18161.50
2024-04-05T08:55:45,SE1,1,18158.00
2024-04-05T08:58:50,SX,1,18140.75
2024-04-05T09:02:33,SE1,1,18158.75
2024-04-05T09:04:31,SX,1,18142.75
2024-04-05T09:05:08,LE1,1,18142.25
2024-04-05T09:05:38,LX,1,18140.25
2024-04-05T09:05:38,SE1,1,18142.25
2024-04-05T09:06:07,Parabolic stop,1,18144.00
2024-04-05T09:06:13,LE1,1,18146.00
2024-04-05T09:07:01,Parabolic stop,1,18140.50
2024-04-05T09:07:01,SE1,1,18142.00
2024-04-05T09:08:58,SX,1,18141.50
2024-04-05T09:09:14,SE1,1,18136.50
2024-04-05T09:09:14,Parabolic stop,1,18138.75
2024-04-05T09:09:27,LE1,1,18141.75
2024-04-05T09:09:27,Parabolic stop,1,18139.25
2024-04-05T09:15:15,LE1,1,18131.75
2024-04-05T09:15:41,Parabolic stop,1,18129.25
2024-04-05T09:15:51,SE1,1,18128.00
2024-04-05T09:15:51,Parabolic stop,1,18132.50
2024-04-05T09:16:17,LE1,1,18134.00
2024-04-05T09:17:05,LX,1,18134.75
2024-04-05T09:20:23,LE1,1,18133.50
2024-04-05T09:20:23,Parabolic stop,1,18131.00
2024-04-05T09:21:48,LE1,1,18135.75
2024-04-05T09:21:52,Parabolic stop,1,18132.00
2024-04-05T09:25:10,LE1,1,18131.75
2024-04-05T09:29:53,LX,1,18137.25
2024-04-05T09:29:53,SE1,1,18140.00
2024-04-05T09:30:00,Parabolic stop,1,18137.25
2024-04-05T09:30:01,LE1,1,18141.50
2024-04-05T09:30:01,Parabolic stop,1,18133.50
2024-04-05T09:30:02,SE1,1,18136.50
2024-04-05T09:30:23,SX,1,18131.75
2024-04-05T09:30:44,SE1,1,18138.50
2024-04-05T09:30:44,Parabolic stop,1,18142.25
2024-04-05T09:30:51,LE1,1,18141.25
2024-04-05T09:31:00,Parabolic stop,1,18135.25
2024-04-05T09:31:00,SE1,1,18137.00
2024-04-05T09:31:01,Parabolic stop,1,18139.75
2024-04-05T09:31:15,LE1,1,18142.00
2024-04-05T09:31:44,LX,1,18150.75
2024-04-05T09:31:44,SE1,1,18152.25
2024-04-05T09:31:44,Parabolic stop,1,18155.00
2024-04-05T09:31:53,LE1,1,18156.75
2024-04-05T09:31:55,Parabolic stop,1,18154.25
2024-04-05T09:32:04,SE1,1,18154.75
2024-04-05T09:32:11,Parabolic stop,1,18157.25
2024-04-05T09:32:16,LE1,1,18158.25
2024-04-05T09:32:47,LX,1,18158.25
2024-04-05T09:32:47,SE1,1,18159.25
2024-04-05T09:34:09,SX,1,18145.50
2024-04-05T09:34:13,SE1,1,18139.75
2024-04-05T09:34:13,Parabolic stop,1,18140.50
2024-04-05T09:35:13,SE1,1,18130.00
2024-04-05T09:35:13,Parabolic stop,1,18133.50
2024-04-05T09:35:17,LE1,1,18135.00
2024-04-05T09:35:53,LX,1,18136.25
2024-04-05T09:35:53,SE1,1,18138.00
2024-04-05T09:36:31,SX,1,18141.25
2024-04-05T09:38:21,LE1,1,18116.75
2024-04-05T09:38:23,Parabolic stop,1,18110.00
2024-04-05T09:38:28,SE1,1,18111.75
2024-04-05T09:38:36,Parabolic stop,1,18113.75
2024-04-05T09:39:01,LE1,1,18115.75
2024-04-05T09:39:01,Parabolic stop,1,18111.75
2024-04-05T09:39:18,SE1,1,18112.50
2024-04-05T09:39:18,Parabolic stop,1,18115.25
2024-04-05T09:40:29,LE1,1,18110.75
2024-04-05T09:43:47,LX,1,18170.75
2024-04-05T09:43:47,SE1,1,18172.00
2024-04-05T09:44:14,SX,1,18169.00
2024-04-05T09:45:54,LE1,1,18170.25
2024-04-05T09:45:54,Parabolic stop,1,18168.00
2024-04-05T09:47:38,SE1,1,18171.50
2024-04-05T09:47:38,Parabolic stop,1,18175.75
2024-04-05T09:47:47,LE1,1,18177.75
2024-04-05T09:48:26,LX,1,18187.50
2024-04-05T09:49:18,LE1,1,18185.25
2024-04-05T09:49:41,Parabolic stop,1,18182.50
2024-04-05T09:50:51,SE1,1,18186.00
2024-04-05T09:51:05,Parabolic stop,1,18188.50
2024-04-05T09:53:10,SE1,1,18201.75
2024-04-05T09:53:17,Parabolic stop,1,18204.50
2024-04-05T09:54:00,LE1,1,18208.50
2024-04-05T09:54:05,Parabolic stop,1,18206.75
2024-04-05T09:56:46,LE1,1,18222.75
2024-04-05T09:57:05,Parabolic stop,1,18221.00
2024-04-05T09:58:04,LE1,1,18225.50
2024-04-05T09:58:04,Parabolic stop,1,18222.50
2024-04-05T09:58:27,SE1,1,18219.75
2024-04-05T10:00:21,SX,1,18211.00
2024-04-05T10:01:41,SE1,1,18204.25
2024-04-05T10:02:41,SX,1,18198.50
2024-04-05T10:03:29,LE1,1,18196.75
2024-04-05T10:03:33,Parabolic stop,1,18196.00
2024-04-05T10:06:41,SE1,1,18221.50
2024-04-05T10:07:28,SX,1,18187.00
2024-04-05T10:07:52,SE1,1,18184.25
2024-04-05T10:07:52,Parabolic stop,1,18186.50
2024-04-05T10:08:05,LE1,1,18188.50
2024-04-05T10:08:05,Parabolic stop,1,18185.25
2024-04-05T10:08:12,SE1,1,18183.75
2024-04-05T10:08:12,Parabolic stop,1,18185.75
2024-04-05T10:09:09,SE1,1,18185.75
2024-04-05T10:09:09,Parabolic stop,1,18189.25
2024-04-05T10:11:40,LE1,1,18207.75
2024-04-05T10:11:42,Parabolic stop,1,18204.00
2024-04-05T10:11:54,SE1,1,18203.00
2024-04-05T10:11:54,Parabolic stop,1,18205.75
2024-04-05T10:20:19,LE1,1,18227.00
2024-04-05T10:20:27,Parabolic stop,1,18222.75
2024-04-05T10:21:21,LE1,1,18224.75
2024-04-05T10:21:21,Parabolic stop,1,18220.75
2024-04-05T10:21:39,SE1,1,18219.75
2024-04-05T10:21:39,Parabolic stop,1,18221.50
2024-04-05T10:23:24,SE1,1,18220.00
2024-04-05T10:24:01,SX,1,18222.50
2024-04-05T10:25:13,SE1,1,18222.50
2024-04-05T10:27:19,SX,1,18193.75
2024-04-05T10:27:25,SE1,1,18189.25
2024-04-05T10:28:02,SX,1,18192.50
2024-04-05T10:28:22,SE1,1,18193.75
2024-04-05T10:28:37,Parabolic stop,1,18198.50
2024-04-05T10:29:01,LE1,1,18197.25
2024-04-05T10:29:01,Parabolic stop,1,18195.00
2024-04-05T10:29:34,LE1,1,18196.75
2024-04-05T10:29:35,Parabolic stop,1,18194.25
2024-04-05T10:30:18,SE1,1,18196.75
2024-04-05T10:30:20,Parabolic stop,1,18199.25
2024-04-05T10:30:46,LE1,1,18200.50
2024-04-05T10:30:46,Parabolic stop,1,18197.25
2024-04-05T10:34:11,SE1,1,18213.75
2024-04-05T10:34:12,Parabolic stop,1,18217.25
2024-04-05T10:34:38,LE1,1,18219.50
2024-04-05T10:34:43,Parabolic stop,1,18219.00
2024-04-05T10:37:00,LE1,1,18219.00
2024-04-05T10:37:00,Parabolic stop,1,18216.75
2024-04-05T10:39:26,SE1,1,18229.00
2024-04-05T10:40:45,SX,1,18222.50
2024-04-05T10:54:16,LE1,1,18282.50
2024-04-05T10:54:39,Parabolic stop,1,18280.00
2024-04-05T10:55:14,SE1,1,18280.00
2024-04-05T10:55:14,Parabolic stop,1,18283.00
2024-04-05T11:00:50,LE1,1,18308.50
2024-04-05T11:01:16,LX,1,18313.50
2024-04-05T11:01:16,SE1,1,18314.50
2024-04-05T11:05:47,SX,1,18284.50
2024-04-05T11:06:27,LE1,1,18283.00
2024-04-05T11:06:29,Parabolic stop,1,18279.00
2024-04-05T11:06:57,SE1,1,18278.00
2024-04-05T11:06:57,Parabolic stop,1,18280.00
2024-04-05T11:07:41,LE1,1,18282.50
2024-04-05T11:07:43,Parabolic stop,1,18278.50
2024-04-05T11:09:34,SE1,1,18289.50
2024-04-05T11:10:09,Parabolic stop,1,18292.00
2024-04-05T11:10:39,LE1,1,18294.75
2024-04-05T11:11:49,Parabolic stop,1,18292.00
2024-04-05T11:12:17,SE1,1,18291.00
2024-04-05T11:13:42,SX,1,18275.00
2024-04-05T11:14:39,LE1,1,18272.00
2024-04-05T11:14:44,Parabolic stop,1,18270.00
2024-04-05T11:15:03,SE1,1,18266.75
2024-04-05T11:17:10,SX,1,18250.25
2024-04-05T11:22:45,LE1,1,18260.50
2024-04-05T11:22:45,Parabolic stop,1,18258.00
2024-04-05T11:23:08,SE1,1,18255.00
2024-04-05T11:23:21,Parabolic stop,1,18257.00
2024-04-05T11:23:36,LE1,1,18261.50
2024-04-05T11:24:04,Parabolic stop,1,18258.50
2024-04-05T11:26:46,SE1,1,18268.75
2024-04-05T11:26:46,Parabolic stop,1,18271.25
2024-04-05T11:31:43,SE1,1,18276.00
2024-04-05T11:31:43,Parabolic stop,1,18279.00
2024-04-05T11:35:36,LE1,1,18285.25
2024-04-05T11:38:44,LX,1,18301.50
2024-04-05T11:38:44,SE1,1,18302.75
2024-04-05T11:38:44,Parabolic stop,1,18304.75
2024-04-05T11:40:05,LE1,1,18307.50
2024-04-05T11:40:06,Parabolic stop,1,18304.25
2024-04-05T11:48:50,LE1,1,18339.50
2024-04-05T11:48:50,Parabolic stop,1,18336.25
2024-04-05T11:49:22,SE1,1,18333.25
2024-04-05T11:50:22,SX,1,18334.75
2024-04-05T12:03:15,LE1,1,18367.75
2024-04-05T12:03:23,Parabolic stop,1,18365.50
2024-04-05T12:04:10,SE1,1,18361.75
2024-04-05T12:08:34,SX,1,18363.75
2024-04-05T12:15:21,LE1,1,18365.00
2024-04-05T12:17:52,LX,1,18365.25
2024-04-05T12:17:52,SE1,1,18366.25
2024-04-05T12:18:01,Parabolic stop,1,18369.50
2024-04-05T12:20:45,SE1,1,18367.25
2024-04-05T12:23:05,SX,1,18362.00
2024-04-05T12:35:43,SE1,1,18354.00
2024-04-05T12:35:43,Parabolic stop,1,18357.00
2024-04-05T12:39:13,LE1,1,18359.00
2024-04-05T12:41:53,LX,1,18360.25
2024-04-05T12:41:53,SE1,1,18362.00
2024-04-05T12:41:53,Parabolic stop,1,18363.75
2024-04-05T12:46:00,LE1,1,18365.25
2024-04-05T12:46:14,Parabolic stop,1,18362.50
2024-04-05T12:46:32,SE1,1,18359.50
2024-04-05T12:46:36,Parabolic stop,1,18362.00
2024-04-05T12:47:10,LE1,1,18364.50
2024-04-05T12:47:10,Parabolic stop,1,18362.00
2024-04-05T12:48:00,SE1,1,18358.75
2024-04-05T12:50:15,Parabolic stop,1,18362.25
2024-04-05T13:01:15,SE1,1,18399.25
2024-04-05T13:10:13,SX,1,18365.00
2024-04-05T13:13:37,SE1,1,18360.00
2024-04-05T13:14:33,SX,1,18354.00
2024-04-05T13:15:14,LE1,1,18353.50
2024-04-05T13:15:21,Parabolic stop,1,18351.50
2024-04-05T13:25:27,SE1,1,18366.00
2024-04-05T13:28:02,Parabolic stop,1,18367.75
2024-04-05T13:30:20,LE1,1,18370.75
2024-04-05T13:36:06,LX,1,18374.50
2024-04-05T13:36:06,SE1,1,18375.75
2024-04-05T13:36:06,Parabolic stop,1,18379.25
2024-04-05T13:44:52,LE1,1,18348.25
2024-04-05T13:44:59,Parabolic stop,1,18345.75
2024-04-05T13:45:23,SE1,1,18343.75
2024-04-05T13:45:34,Parabolic stop,1,18346.25
2024-04-05T13:48:03,LE1,1,18344.25
2024-04-05T13:48:07,Parabolic stop,1,18340.50
2024-04-05T13:50:27,LE1,1,18342.25
2024-04-05T13:51:55,Parabolic stop,1,18338.50
2024-04-05T13:53:51,LE1,1,18330.00
2024-04-05T13:53:51,Parabolic stop,1,18326.75
2024-04-05T13:58:13,SE1,1,18288.25
2024-04-05T13:58:38,Parabolic stop,1,18291.25
2024-04-05T13:58:41,LE1,1,18292.25
2024-04-05T13:59:50,Parabolic stop,1,18289.00
2024-04-05T14:00:01,LE1,1,18292.25
2024-04-05T14:00:01,Parabolic stop,1,18288.00
2024-04-05T14:00:04,SE1,1,18287.00
2024-04-05T14:00:23,SX,1,18280.25
2024-04-05T14:00:40,SE1,1,18276.75
2024-04-05T14:00:40,Parabolic stop,1,18279.75
2024-04-05T14:01:49,LE1,1,18262.50
2024-04-05T14:01:49,Parabolic stop,1,18259.25
2024-04-05T14:02:00,SE1,1,18256.00
2024-04-05T14:02:01,Parabolic stop,1,18257.75
2024-04-05T14:02:05,LE1,1,18261.25
2024-04-05T14:03:08,LX,1,18263.75
2024-04-05T14:03:08,SE1,1,18264.75
2024-04-05T14:03:10,Parabolic stop,1,18267.75
2024-04-05T14:03:34,LE1,1,18271.50
2024-04-05T14:03:34,Parabolic stop,1,18270.00
2024-04-05T14:03:56,SE1,1,18266.25
2024-04-05T14:03:56,Parabolic stop,1,18268.75
2024-04-05T14:07:28,SE1,1,18316.00
2024-04-05T14:08:27,SX,1,18317.00
2024-04-05T14:10:19,SE1,1,18318.25
2024-04-05T14:10:19,Parabolic stop,1,18320.75
2024-04-05T14:10:30,LE1,1,18324.50
2024-04-05T14:10:31,Parabolic stop,1,18321.50
2024-04-05T14:11:21,SE1,1,18322.00
2024-04-05T14:11:23,Parabolic stop,1,18324.50
2024-04-05T14:13:07,LE1,1,18315.00
2024-04-05T14:13:12,Parabolic stop,1,18311.75
2024-04-05T14:13:39,LE1,1,18313.75
2024-04-05T14:16:29,LX,1,18312.75
2024-04-05T14:16:29,SE1,1,18314.25
2024-04-05T14:16:29,Parabolic stop,1,18317.25
2024-04-05T14:20:37,LE1,1,18318.75
2024-04-05T14:22:41,LX,1,18332.25
2024-04-05T14:22:41,SE1,1,18334.00
2024-04-05T14:22:41,Parabolic stop,1,18337.75
2024-04-05T14:25:39,LE1,1,18303.75
2024-04-05T14:25:40,Parabolic stop,1,18298.25
2024-04-05T14:25:50,SE1,1,18299.00
2024-04-05T14:25:50,Parabolic stop,1,18302.50
2024-04-05T14:25:56,LE1,1,18302.50
2024-04-05T14:28:08,LX,1,18306.75
2024-04-05T14:29:21,LE1,1,18300.50
2024-04-05T14:29:26,Parabolic stop,1,18297.75
2024-04-05T14:30:00,LE1,1,18301.75
2024-04-05T14:30:00,Parabolic stop,1,18301.25
2024-04-05T14:30:13,SE1,1,18297.75
2024-04-05T14:31:06,SX,1,18294.50
2024-04-05T14:32:21,SE1,1,18292.25
2024-04-05T14:33:00,SX,1,18294.25
2024-04-05T14:38:05,SE1,1,18310.25
2024-04-05T14:38:05,Parabolic stop,1,18312.75
2024-04-05T14:38:12,LE1,1,18314.00
2024-04-05T14:38:12,Parabolic stop,1,18310.50
2024-04-05T14:41:48,LE1,1,18298.00
2024-04-05T14:41:48,Parabolic stop,1,18294.25
2024-04-05T14:42:13,SE1,1,18294.50
2024-04-05T14:42:20,Parabolic stop,1,18297.00
2024-04-05T14:42:27,LE1,1,18298.00
2024-04-05T14:42:28,Parabolic stop,1,18296.00
2024-04-05T14:42:57,SE1,1,18292.25
2024-04-05T14:43:22,SX,1,18292.25
2024-04-05T14:44:42,SE1,1,18301.00
2024-04-05T14:45:45,SX,1,18300.50
2024-04-05T14:45:57,SE1,1,18292.50
2024-04-05T14:45:57,Parabolic stop,1,18293.00
2024-04-05T14:48:08,LE1,1,18283.75
2024-04-05T14:48:09,Parabolic stop,1,18274.50
2024-04-05T14:48:27,SE1,1,18277.00
2024-04-05T14:48:29,Parabolic stop,1,18280.50
2024-04-05T14:51:05,SE1,1,18274.50
2024-04-05T14:51:05,Parabolic stop,1,18276.75
2024-04-05T14:53:38,LE1,1,18272.00
2024-04-05T14:53:43,Parabolic stop,1,18269.50
2024-04-05T14:55:11,SE1,1,18266.00
2024-04-05T14:55:11,Parabolic stop,1,18268.00
2024-04-05T14:55:25,LE1,1,18273.25
2024-04-05T14:55:25,Parabolic stop,1,18270.75
2024-04-05T14:55:41,SE1,1,18267.00
2024-04-05T14:56:01,Parabolic stop,1,18274.00
2024-04-05T14:56:01,LE1,1,18270.75
2024-04-05T14:56:01,Parabolic stop,1,18267.25
2024-04-05T14:56:29,SE1,1,18265.75
2024-04-05T14:57:40,SX,1,18268.25
2024-04-05T15:01:25,SE1,1,18277.50
2024-04-05T15:01:25,Parabolic stop,1,18280.50
2024-04-05T15:03:41,LE1,1,18282.25
2024-04-05T15:03:42,Parabolic stop,1,18279.50
2024-04-05T15:04:51,LE1,1,18282.50
2024-04-05T15:08:15,LX,1,18289.00
2024-04-05T15:12:17,SE1,1,18281.50
2024-04-05T15:13:12,Parabolic stop,1,18284.00
2024-04-05T15:13:35,LE1,1,18286.50
2024-04-05T15:13:35,Parabolic stop,1,18283.50
2024-04-05T15:15:57,SE1,1,18289.50
2024-04-05T15:16:11,Parabolic stop,1,18292.25
2024-04-05T15:21:32,SE1,1,18286.00
2024-04-05T15:21:32,Parabolic stop,1,18289.00
2024-04-05T15:22:11,LE1,1,18292.50
2024-04-05T15:22:11,Parabolic stop,1,18288.75
2024-04-05T15:23:05,SE1,1,18287.50
2024-04-05T15:23:26,Parabolic stop,1,18289.00
2024-04-05T15:24:58,LE1,1,18285.50
2024-04-05T15:25:25,Parabolic stop,1,18282.75
2024-04-05T15:35:27,SE1,1,18312.75
2024-04-05T15:37:48,SX,1,18300.00
2024-04-05T15:45:51,LE1,1,18295.75
2024-04-05T15:45:58,Parabolic stop,1,18293.25
2024-04-05T15:50:00,LE1,1,18297.00
2024-04-05T15:50:00,LX,1,18296.50
2024-04-05T15:50:00,SE1,1,18298.50
2024-04-05T15:50:03,Parabolic stop,1,18300.75
2024-04-05T15:50:26,LE1,1,18302.25
2024-04-05T15:51:00,Parabolic stop,1,18300.25
2024-04-05T16:25:40,LE1,1,18291.50
2024-04-05T16:45:41,LX,1,18292.00
2024-04-05T16:45:41,SE1,1,18293.00
2024-04-05T16:45:41,Parabolic stop,1,18295.75
2024-04-05T16:49:46,LE1,1,18301.75
2024-04-05T16:59:45,Profit target,1,18420.00
2024-04-07T18:00:00,LE1,1,18360.50
2024-04-07T18:00:00,LX,1,18353.50
2024-04-07T18:00:00,LE1,1,18360.50
2024-04-07T18:00:00,Parabolic stop,1,18353.75
2024-04-07T18:00:03,LE1,1,18356.00
2024-04-07T18:00:03,Parabolic stop,1,18354.25
2024-04-07T18:00:16,SE1,1,18360.75
2024-04-07T18:00:16,Parabolic stop,1,18366.50
2024-04-07T18:00:25,LE1,1,18367.75
2024-04-07T18:00:25,Parabolic stop,1,18363.75
2024-04-07T18:44:44,LE1,1,18316.00
2024-04-07T18:44:44,Parabolic stop,1,18312.50
2024-04-07T19:03:00,LE1,1,18314.50
2024-04-07T19:50:16,LX,1,18314.25
2024-04-07T19:50:16,SE1,1,18315.50
2024-04-07T19:52:59,Parabolic stop,1,18318.00
2024-04-07T19:53:56,LE1,1,18319.25
2024-04-07T19:56:11,Parabolic stop,1,18316.50
2024-04-07T20:01:00,SE1,1,18314.00
2024-04-07T20:01:32,Parabolic stop,1,18316.75
2024-04-07T20:17:17,LE1,1,18311.50
2024-04-07T20:17:17,Parabolic stop,1,18309.00
2024-04-07T20:20:31,SE1,1,18306.00
2024-04-07T20:50:01,SX,1,18295.25
2024-04-07T21:17:22,SE1,1,18309.50
2024-04-07T21:17:22,Parabolic stop,1,18313.00
2024-04-07T21:17:59,LE1,1,18315.25
2024-04-07T21:17:59,Parabolic stop,1,18311.00
2024-04-07T21:49:23,SE1,1,18323.00
2024-04-07T21:49:23,Parabolic stop,1,18325.50
2024-04-07T22:10:57,LE1,1,18323.75
2024-04-07T22:10:57,Parabolic stop,1,18321.25
2024-04-07T22:22:25,SE1,1,18319.25
2024-04-07T22:23:35,Parabolic stop,1,18322.25
2024-04-07T22:31:00,LE1,1,18324.00
2024-04-07T22:31:00,Parabolic stop,1,18321.50
2024-04-07T23:37:32,LE1,1,18281.75
2024-04-07T23:37:32,Parabolic stop,1,18279.25
2024-04-08T01:40:57,LE1,1,18302.50
2024-04-08T01:42:39,Parabolic stop,1,18299.25
2024-04-08T01:53:04,LE1,1,18297.00
2024-04-08T01:53:41,Parabolic stop,1,18294.50
2024-04-08T02:10:09,SE1,1,18303.25
2024-04-08T02:10:09,Parabolic stop,1,18306.25
2024-04-08T02:25:45,LE1,1,18295.00
2024-04-08T02:27:26,Parabolic stop,1,18292.25
2024-04-08T02:44:50,SE1,1,18289.00
2024-04-08T02:58:04,SX,1,18291.50
2024-04-08T03:02:29,LE1,1,18286.25
2024-04-08T03:04:13,Parabolic stop,1,18282.50
2024-04-08T03:04:22,SE1,1,18283.00
2024-04-08T03:04:22,Parabolic stop,1,18286.50
2024-04-08T03:06:41,LE1,1,18289.00
2024-04-08T03:06:48,Parabolic stop,1,18284.75
2024-04-08T03:07:51,SE1,1,18281.75
2024-04-08T03:07:51,Parabolic stop,1,18285.50
2024-04-08T03:10:04,LE1,1,18286.75
2024-04-08T03:22:48,LX,1,18315.25
2024-04-08T03:22:48,SE1,1,18317.00
2024-04-08T03:22:52,Parabolic stop,1,18319.75
2024-04-08T03:35:09,LE1,1,18311.25
2024-04-08T03:35:21,Parabolic stop,1,18309.00
2024-04-08T03:57:44,SE1,1,18335.75
2024-04-08T04:03:18,SX,1,18332.75
2024-04-08T04:07:49,LE1,1,18328.75
2024-04-08T04:07:49,Parabolic stop,1,18324.75
2024-04-08T04:15:00,LE1,1,18327.75
2024-04-08T04:15:39,Parabolic stop,1,18325.00
2024-04-08T04:25:23,LE1,1,18257.50
2024-04-08T04:30:55,LX,1,18263.25
2024-04-08T04:30:55,SE1,1,18264.50
2024-04-08T04:30:55,Parabolic stop,1,18267.50
2024-04-08T04:31:24,LE1,1,18269.50
2024-04-08T04:45:46,LX,1,18291.00
2024-04-08T04:45:46,SE1,1,18292.00
2024-04-08T04:48:49,SX,1,18293.75
2024-04-08T05:17:36,LE1,1,18284.00
2024-04-08T05:33:55,LX,1,18296.50
2024-04-08T05:41:01,LE1,1,18298.25
2024-04-08T05:41:43,Parabolic stop,1,18295.50
2024-04-08T05:55:17,SE1,1,18298.00
2024-04-08T05:55:17,Parabolic stop,1,18300.50
2024-04-08T05:56:05,LE1,1,18303.25
2024-04-08T05:58:07,Parabolic stop,1,18300.25
2024-04-08T06:02:18,LE1,1,18305.00
2024-04-08T06:02:18,Parabolic stop,1,18302.50
2024-04-08T06:05:06,LE1,1,18301.25
2024-04-08T06:05:22,Parabolic stop,1,18298.50
2024-04-08T06:06:41,SE1,1,18296.50
2024-04-08T06:08:07,Parabolic stop,1,18299.25
2024-04-08T06:18:11,LE1,1,18289.75
2024-04-08T06:18:24,Parabolic stop,1,18287.00
2024-04-08T06:36:01,SE1,1,18294.25
2024-04-08T06:45:58,SX,1,18296.50
2024-04-08T07:06:38,SE1,1,18315.00
2024-04-08T07:06:38,Parabolic stop,1,18318.00
2024-04-08T07:08:09,LE1,1,18320.75
2024-04-08T07:08:09,Parabolic stop,1,18318.50
2024-04-08T07:19:53,LE1,1,18314.00
2024-04-08T07:20:01,Parabolic stop,1,18311.75
2024-04-08T07:26:35,SE1,1,18307.75
2024-04-08T07:49:12,SX,1,18293.75
2024-04-08T08:00:02,SE1,1,18299.25
2024-04-08T08:00:02,Parabolic stop,1,18302.00
2024-04-08T08:00:10,LE1,1,18304.75
2024-04-08T08:00:10,Parabolic stop,1,18302.25
2024-04-08T08:03:27,LE1,1,18296.75
2024-04-08T08:07:24,Parabolic stop,1,18294.25
2024-04-08T08:31:23,SE1,1,18320.00
2024-04-08T08:31:23,Parabolic stop,1,18322.50
2024-04-08T08:33:26,LE1,1,18324.75
2024-04-08T08:33:26,Parabolic stop,1,18321.50
2024-04-08T09:00:08,LE1,1,18363.50
2024-04-08T09:00:30,Parabolic stop,1,18361.00
2024-04-08T09:16:53,LE1,1,18360.50
2024-04-08T09:16:55,Parabolic stop,1,18358.00
2024-04-08T09:30:01,LE1,1,18332.75
2024-04-08T09:30:01,Parabolic stop,1,18332.25
2024-04-08T09:30:06,LE1,1,18331.25
2024-04-08T09:30:06,Parabolic stop,1,18329.00
2024-04-08T09:30:09,SE1,1,18329.50
2024-04-08T09:30:41,SX,1,18321.00
2024-04-08T09:31:00,SE1,1,18315.75
2024-04-08T09:31:00,Parabolic stop,1,18319.00
2024-04-08T09:31:03,LE1,1,18321.75
2024-04-08T09:31:04,Parabolic stop,1,18319.25
2024-04-08T09:31:12,SE1,1,18319.25
2024-04-08T09:31:12,Parabolic stop,1,18325.50
2024-04-08T09:31:22,LE1,1,18323.50
2024-04-08T09:31:36,Parabolic stop,1,18322.50
2024-04-08T09:32:34,LE1,1,18313.25
2024-04-08T09:32:34,Parabolic stop,1,18310.75
2024-04-08T09:32:38,SE1,1,18308.75
2024-04-08T09:32:42,Parabolic stop,1,18313.50
2024-04-08T09:32:44,LE1,1,18313.25
2024-04-08T09:32:44,Parabolic stop,1,18310.25
2024-04-08T09:33:19,LE1,1,18313.25
2024-04-08T09:33:20,Parabolic stop,1,18308.75
2024-04-08T09:33:43,LE1,1,18309.75
2024-04-08T09:33:49,Parabolic stop,1,18305.00
2024-04-08T09:33:55,SE1,1,18306.50
2024-04-08T09:33:55,Parabolic stop,1,18309.25
2024-04-08T09:34:19,LE1,1,18308.00
2024-04-08T09:34:19,Parabolic stop,1,18306.25
2024-04-08T09:34:30,SE1,1,18306.25
2024-04-08T09:36:05,SX,1,18283.50
2024-04-08T09:37:38,SE1,1,18287.00
2024-04-08T09:37:38,Parabolic stop,1,18290.00
2024-04-08T09:40:56,LE1,1,18249.50
2024-04-08T09:42:11,LX,1,18260.00
2024-04-08T09:42:11,SE1,1,18261.00
2024-04-08T09:42:11,Parabolic stop,1,18264.00
2024-04-08T09:42:26,LE1,1,18267.50
2024-04-08T09:44:44,LX,1,18283.00
2024-04-08T09:44:44,SE1,1,18284.00
2024-04-08T09:45:58,Parabolic stop,1,18285.75
2024-04-08T09:46:04,LE1,1,18288.50
2024-04-08T09:46:12,Parabolic stop,1,18284.25
2024-04-08T09:46:44,LE1,1,18284.25
2024-04-08T09:47:45,LX,1,18283.25
2024-04-08T09:51:43,SE1,1,18275.00
2024-04-08T09:51:43,Parabolic stop,1,18277.75
2024-04-08T09:52:04,LE1,1,18280.50
2024-04-08T09:52:13,Parabolic stop,1,18277.75
2024-04-08T09:55:50,SE1,1,18293.25
2024-04-08T09:56:01,Parabolic stop,1,18297.25
2024-04-08T09:56:22,LE1,1,18299.50
2024-04-08T09:57:04,Parabolic stop,1,18295.00
2024-04-08T09:57:04,SE1,1,18296.25
2024-04-08T09:57:04,Parabolic stop,1,18299.25
2024-04-08T09:58:55,LE1,1,18301.50
2024-04-08T09:59:40,Parabolic stop,1,18298.50
2024-04-08T10:00:06,SE1,1,18296.00
2024-04-08T10:00:06,Parabolic stop,1,18300.00
2024-04-08T10:01:27,LE1,1,18304.75
2024-04-08T10:01:33,Parabolic stop,1,18300.50
2024-04-08T10:01:49,SE1,1,18300.50
2024-04-08T10:01:49,Parabolic stop,1,18306.50
2024-04-08T10:02:14,SE1,1,18304.25
2024-04-08T10:04:09,SX,1,18294.75
2024-04-08T10:06:29,SE1,1,18302.50
2024-04-08T10:08:03,SX,1,18289.75
2024-04-08T10:09:50,SE1,1,18303.75
2024-04-08T10:09:50,Parabolic stop,1,18308.25
2024-04-08T10:10:05,LE1,1,18308.25
2024-04-08T10:10:05,Parabolic stop,1,18305.50
2024-04-08T10:11:37,SE1,1,18306.00
2024-04-08T10:11:38,Parabolic stop,1,18308.50
2024-04-08T10:13:59,LE1,1,18300.00
2024-04-08T10:13:59,Parabolic stop,1,18298.75
2024-04-08T10:17:51,LE1,1,18309.00
2024-04-08T10:18:48,LX,1,18307.50
2024-04-08T10:20:37,LE1,1,18304.25
2024-04-08T10:20:39,Parabolic stop,1,18302.50
2024-04-08T10:24:02,LE1,1,18317.00
2024-04-08T10:24:18,Parabolic stop,1,18316.00
2024-04-08T10:26:51,LE1,1,18330.00
2024-04-08T10:27:13,Parabolic stop,1,18328.75
2024-04-08T10:45:00,LE1,1,18348.50
2024-04-08T10:45:14,Parabolic stop,1,18345.75
2024-04-08T10:56:33,SE1,1,18366.50
2024-04-08T11:00:02,SX,1,18366.50
2024-04-08T11:01:23,SE1,1,18362.25
2024-04-08T11:03:11,SX,1,18337.50
2024-04-08T11:08:25,SE1,1,18342.00
2024-04-08T11:09:12,Parabolic stop,1,18344.50
2024-04-08T11:10:07,LE1,1,18347.50
2024-04-08T11:12:26,Parabolic stop,1,18344.75
2024-04-08T11:18:40,LE1,1,18347.50
2024-04-08T11:18:40,Parabolic stop,1,18345.50
2024-04-08T11:20:06,SE1,1,18342.00
2024-04-08T11:20:06,Parabolic stop,1,18344.25
2024-04-08T11:20:34,LE1,1,18346.75
2024-04-08T11:20:34,Parabolic stop,1,18340.75
2024-04-08T11:20:46,SE1,1,18341.75
2024-04-08T11:21:59,Parabolic stop,1,18344.00
2024-04-08T11:22:28,LE1,1,18343.50
2024-04-08T11:25:51,LX,1,18344.25
2024-04-08T11:31:53,LE1,1,18324.25
2024-04-08T11:35:19,Parabolic stop,1,18323.25
2024-04-08T11:41:37,SE1,1,18307.50
2024-04-08T11:41:37,Parabolic stop,1,18310.50
2024-04-08T11:42:50,LE1,1,18313.00
2024-04-08T11:43:14,Parabolic stop,1,18310.75
2024-04-08T11:53:25,SE1,1,18299.00
2024-04-08T11:53:31,Parabolic stop,1,18301.00
2024-04-08T11:55:20,SE1,1,18297.00
2024-04-08T11:57:12,SX,1,18290.75
2024-04-08T12:00:09,SE1,1,18293.00
2024-04-08T12:03:17,SX,1,18293.25
2024-04-08T12:05:03,SE1,1,18288.25
2024-04-08T12:05:03,Parabolic stop,1,18289.50
2024-04-08T12:06:47,LE1,1,18292.75
2024-04-08T12:06:47,Parabolic stop,1,18290.00
2024-04-08T12:09:57,SE1,1,18290.00
2024-04-08T12:10:01,Parabolic stop,1,18293.00
2024-04-08T12:14:24,LE1,1,18278.50
2024-04-08T12:14:24,Parabolic stop,1,18275.25
2024-04-08T12:15:13,SE1,1,18274.00
2024-04-08T12:15:40,Parabolic stop,1,18276.75
2024-04-08T12:24:31,SE1,1,18258.00
2024-04-08T12:24:31,Parabolic stop,1,18260.25
2024-04-08T12:25:04,LE1,1,18263.50
2024-04-08T12:25:05,Parabolic stop,1,18261.00
2024-04-08T12:39:34,LE1,1,18297.75
2024-04-08T12:39:42,Parabolic stop,1,18295.00
2024-04-08T12:52:12,LE1,1,18303.75
2024-04-08T12:52:12,Parabolic stop,1,18301.00
2024-04-08T12:53:24,SE1,1,18298.00
2024-04-08T12:53:24,Parabolic stop,1,18300.25
2024-04-08T13:05:23,SE1,1,18306.50
2024-04-08T13:05:23,Parabolic stop,1,18309.25
2024-04-08T13:11:14,LE1,1,18310.25
2024-04-08T13:11:14,Parabolic stop,1,18307.75
2024-04-08T13:21:51,SE1,1,18294.25
2024-04-08T13:21:51,Parabolic stop,1,18296.75
2024-04-08T13:23:01,LE1,1,18299.50
2024-04-08T13:26:10,Parabolic stop,1,18296.25
2024-04-08T13:26:32,SE1,1,18295.25
2024-04-08T13:26:32,Parabolic stop,1,18297.75
2024-04-08T13:27:33,LE1,1,18301.00
2024-04-08T13:27:33,Parabolic stop,1,18298.75
2024-04-08T13:32:32,SE1,1,18301.25
2024-04-08T13:32:32,Parabolic stop,1,18303.50
2024-04-08T13:44:20,LE1,1,18291.00
2024-04-08T13:44:32,Parabolic stop,1,18288.25
2024-04-08T13:46:40,SE1,1,18287.25
2024-04-08T13:46:40,Parabolic stop,1,18288.75
2024-04-08T14:02:28,SE1,1,18308.25
2024-04-08T14:02:28,Parabolic stop,1,18310.75
2024-04-08T14:21:01,SE1,1,18314.25
2024-04-08T14:21:01,Parabolic stop,1,18316.00
2024-04-08T14:21:46,LE1,1,18320.00
2024-04-08T14:22:06,Parabolic stop,1,18318.00
2024-04-08T14:26:33,LE1,1,18313.50
2024-04-08T14:29:57,LX,1,18311.75
2024-04-08T14:29:57,SE1,1,18313.00
2024-04-08T14:48:02,SX,1,18296.25
2024-04-08T15:19:22,LE1,1,18308.00
2024-04-08T15:21:46,Parabolic stop,1,18305.00
2024-04-08T15:21:53,SE1,1,18304.75
2024-04-08T15:28:07,SX,1,18306.50
2024-04-08T15:37:45,SE1,1,18321.25
2024-04-08T15:45:56,SX,1,18303.25
2024-04-08T15:52:56,LE1,1,18299.50
2024-04-08T15:52:58,Parabolic stop,1,18297.00
2024-04-08T15:55:00,SE1,1,18293.00
2024-04-08T15:55:00,Parabolic stop,1,18291.75
2024-04-08T21:30:34,LE1,1,18299.25
2024-04-08T21:39:52,Parabolic stop,1,18296.00
2024-04-08T22:24:19,LE1,1,18296.50
2024-04-08T22:24:19,Parabolic stop,1,18293.00
2024-04-08T22:49:06,SE1,1,18290.75
2024-04-08T22:49:06,Parabolic stop,1,18293.00
2024-04-08T23:01:29,LE1,1,18296.25
2024-04-08T23:01:29,Parabolic stop,1,18293.75
2024-04-09T01:34:18,SE1,1,18313.50
2024-04-09T01:35:03,Parabolic stop,1,18316.75
2024-04-09T01:50:03,LE1,1,18319.50
2024-04-09T01:50:03,Parabolic stop,1,18317.25
2024-04-09T01:56:44,SE1,1,18313.25
2024-04-09T02:00:06,Parabolic stop,1,18315.75
2024-04-09T02:26:45,LE1,1,18319.50
2024-04-09T02:39:55,Parabolic stop,1,18317.50
2024-04-09T03:09:46,SE1,1,18314.50
2024-04-09T03:09:47,Parabolic stop,1,18317.25
2024-04-09T03:13:03,LE1,1,18320.25
2024-04-09T03:13:03,Parabolic stop,1,18317.50
2024-04-09T03:58:29,LE1,1,18276.00
2024-04-09T03:58:33,Parabolic stop,1,18273.00
2024-04-09T04:13:59,LE1,1,18290.75
2024-04-09T04:34:32,LX,1,18300.50
2024-04-09T05:14:33,LE1,1,18305.25
2024-04-09T05:37:50,LX,1,18310.50
2024-04-09T05:43:31,LE1,1,18317.75
2024-04-09T05:43:44,Parabolic stop,1,18315.25
2024-04-09T05:57:29,SE1,1,18324.75
2024-04-09T06:42:47,SX,1,18265.50
2024-04-09T07:20:57,LE1,1,18324.50
2024-04-09T07:20:57,Parabolic stop,1,18321.50
2024-04-09T07:27:11,SE1,1,18320.25
2024-04-09T07:27:11,Parabolic stop,1,18323.00
2024-04-09T07:30:05,LE1,1,18325.25
2024-04-09T07:31:34,Parabolic stop,1,18323.00
2024-04-09T07:33:10,SE1,1,18321.25
2024-04-09T07:35:01,Parabolic stop,1,18323.75
2024-04-09T07:38:20,LE1,1,18326.00
2024-04-09T07:46:16,LX,1,18323.25
2024-04-09T07:46:16,SE1,1,18324.25
2024-04-09T07:46:41,Parabolic stop,1,18326.75
2024-04-09T07:56:03,LE1,1,18330.50
2024-04-09T08:20:18,LX,1,18356.25
2024-04-09T08:34:19,LE1,1,18357.00
2024-04-09T08:48:02,LX,1,18361.75
2024-04-09T08:48:02,SE1,1,18363.25
2024-04-09T08:48:40,Parabolic stop,1,18365.75
2024-04-09T09:00:34,LE1,1,18368.25
2024-04-09T09:00:34,Parabolic stop,1,18364.75
2024-04-09T09:14:09,LE1,1,18364.00
2024-04-09T09:19:26,LX,1,18383.25
2024-04-09T09:24:26,LE1,1,18390.00
2024-04-09T09:24:26,Parabolic stop,1,18388.00
2024-04-09T09:25:00,SE1,1,18386.25
2024-04-09T09:25:00,Parabolic stop,1,18388.50
2024-04-09T09:25:36,LE1,1,18390.00
2024-04-09T09:25:36,Parabolic stop,1,18387.50
2024-04-09T09:29:19,LE1,1,18389.50
2024-04-09T09:30:04,LX,1,18390.25
2024-04-09T09:30:36,LE1,1,18391.00
2024-04-09T09:30:44,Parabolic stop,1,18385.00
2024-04-09T09:30:44,SE1,1,18386.25
2024-04-09T09:30:44,Parabolic stop,1,18391.50
2024-04-09T09:30:48,LE1,1,18393.00
2024-04-09T09:31:18,LX,1,18392.75
2024-04-09T09:32:20,LE1,1,18395.75
2024-04-09T09:32:20,Parabolic stop,1,18391.25
2024-04-09T09:33:16,SE1,1,18391.50
2024-04-09T09:33:17,Parabolic stop,1,18394.00
2024-04-09T09:35:49,LE1,1,18353.50
2024-04-09T09:36:54,LX,1,18361.25
2024-04-09T09:36:54,SE1,1,18362.25
2024-04-09T09:36:54,Parabolic stop,1,18364.00
2024-04-09T09:36:58,LE1,1,18367.75
2024-04-09T09:37:00,Parabolic stop,1,18364.75
2024-04-09T09:39:46,LE1,1,18387.50
2024-04-09T09:44:24,LX,1,18392.75
2024-04-09T09:44:24,SE1,1,18394.00
2024-04-09T09:45:06,SX,1,18386.50
2024-04-09T09:47:34,SE1,1,18383.50
2024-04-09T09:48:57,SX,1,18365.00
2024-04-09T09:49:21,SE1,1,18360.50
2024-04-09T09:50:19,SX,1,18347.25
2024-04-09T09:51:27,LE1,1,18346.25
2024-04-09T09:52:22,LX,1,18347.50
2024-04-09T09:52:22,SE1,1,18348.75
2024-04-09T09:52:59,SX,1,18349.50
2024-04-09T09:55:42,SE1,1,18352.25
2024-04-09T09:55:42,Parabolic stop,1,18354.25
2024-04-09T09:55:47,LE1,1,18355.75
2024-04-09T09:55:47,Parabolic stop,1,18352.75
2024-04-09T09:58:08,LE1,1,18348.75
2024-04-09T09:58:08,Parabolic stop,1,18346.25
2024-04-09T09:59:01,LE1,1,18350.00
2024-04-09T09:59:08,Parabolic stop,1,18348.25
2024-04-09T09:59:51,SE1,1,18344.75
2024-04-09T09:59:59,Parabolic stop,1,18347.50
2024-04-09T10:00:18,LE1,1,18349.50
2024-04-09T10:00:18,Parabolic stop,1,18349.50
2024-04-09T10:01:37,LE1,1,18350.75
2024-04-09T10:01:39,Parabolic stop,1,18347.75
2024-04-09T10:06:55,LE1,1,18343.00
2024-04-09T10:06:55,Parabolic stop,1,18340.00
2024-04-09T10:07:05,SE1,1,18337.00
2024-04-09T10:07:06,Parabolic stop,1,18340.00
2024-04-09T10:07:38,LE1,1,18342.00
2024-04-09T10:07:40,Parabolic stop,1,18340.00
2024-04-09T10:08:29,SE1,1,18337.75
2024-04-09T10:08:29,Parabolic stop,1,18340.75
2024-04-09T10:09:13,LE1,1,18342.00
2024-04-09T10:09:13,Parabolic stop,1,18339.50
2024-04-09T10:10:10,SE1,1,18338.00
2024-04-09T10:10:12,Parabolic stop,1,18341.25
2024-04-09T10:11:17,LE1,1,18343.00
2024-04-09T10:11:17,Parabolic stop,1,18340.75
2024-04-09T10:21:23,LE1,1,18351.50
2024-04-09T10:24:12,LX,1,18353.00
2024-04-09T10:29:37,LE1,1,18281.25
2024-04-09T10:29:47,Parabolic stop,1,18277.50
2024-04-09T10:30:03,SE1,1,18276.00
2024-04-09T10:30:38,SX,1,18242.75
2024-04-09T10:30:57,LE1,1,18242.00
2024-04-09T10:30:59,Parabolic stop,1,18239.00
2024-04-09T10:31:04,SE1,1,18237.50
2024-04-09T10:31:05,Parabolic stop,1,18239.25
2024-04-09T10:31:27,LE1,1,18236.50
2024-04-09T10:32:10,LX,1,18240.25
2024-04-09T10:33:58,SE1,1,18258.00
2024-04-09T10:33:58,Parabolic stop,1,18259.50
2024-04-09T10:37:06,LE1,1,18224.00
2024-04-09T10:37:10,Parabolic stop,1,18223.50
2024-04-09T10:37:19,SE1,1,18217.50
2024-04-09T10:37:19,Parabolic stop,1,18219.75
2024-04-09T10:37:24,LE1,1,18223.25
2024-04-09T10:37:24,Parabolic stop,1,18219.50
2024-04-09T10:37:58,SE1,1,18218.25
2024-04-09T10:37:58,Parabolic stop,1,18220.75
2024-04-09T10:38:15,LE1,1,18224.25
2024-04-09T10:38:15,Parabolic stop,1,18222.00
2024-04-09T10:40:07,LE1,1,18229.50
2024-04-09T10:40:21,Parabolic stop,1,18224.25
2024-04-09T10:40:21,SE1,1,18226.25
2024-04-09T10:40:23,Parabolic stop,1,18230.00
2024-04-09T10:41:58,LE1,1,18208.50
2024-04-09T10:42:12,Parabolic stop,1,18206.00
2024-04-09T10:42:43,LE1,1,18192.25
2024-04-09T10:42:44,Parabolic stop,1,18189.50
2024-04-09T10:43:07,SE1,1,18185.75
2024-04-09T10:43:08,Parabolic stop,1,18195.50
2024-04-09T10:43:10,LE1,1,18192.25
2024-04-09T10:43:20,Parabolic stop,1,18191.00
2024-04-09T10:43:22,SE1,1,18190.25
2024-04-09T10:44:09,SX,1,18181.50
2024-04-09T10:44:20,SE1,1,18180.25
2024-04-09T10:44:20,Parabolic stop,1,18183.50
2024-04-09T10:44:21,LE1,1,18183.25
2024-04-09T10:44:24,Parabolic stop,1,18181.75
2024-04-09T10:46:25,SE1,1,18200.50
2024-04-09T10:46:36,Parabolic stop,1,18203.25
2024-04-09T10:46:37,LE1,1,18204.25
2024-04-09T10:46:37,Parabolic stop,1,18201.50
2024-04-09T10:49:49,LE1,1,18182.00
2024-04-09T10:49:53,Parabolic stop,1,18180.00
2024-04-09T10:50:20,SE1,1,18177.50
2024-04-09T10:50:22,Parabolic stop,1,18182.75
2024-04-09T10:50:34,LE1,1,18183.25
2024-04-09T10:51:56,LX,1,18185.50
2024-04-09T10:55:19,LE1,1,18170.00
2024-04-09T10:55:19,Parabolic stop,1,18167.50
2024-04-09T10:55:58,SE1,1,18166.50
2024-04-09T10:55:58,Parabolic stop,1,18168.25
2024-04-09T10:56:12,LE1,1,18171.25
2024-04-09T11:00:17,LX,1,18209.25
2024-04-09T11:00:17,SE1,1,18210.75
2024-04-09T11:00:17,Parabolic stop,1,18213.25
2024-04-09T11:00:25,LE1,1,18214.75
2024-04-09T11:00:25,Parabolic stop,1,18210.25
2024-04-09T11:02:26,LE1,1,18215.00
2024-04-09T11:02:55,LX,1,18212.50
2024-04-09T11:02:55,SE1,1,18214.00
2024-04-09T11:04:17,SX,1,18215.75
2024-04-09T11:09:48,SE1,1,18237.00
2024-04-09T11:09:48,Parabolic stop,1,18240.50
2024-04-09T11:10:56,LE1,1,18235.75
2024-04-09T11:11:08,Parabolic stop,1,18232.25
2024-04-09T11:15:28,LE1,1,18227.00
2024-04-09T11:18:21,LX,1,18245.00
2024-04-09T11:18:21,SE1,1,18246.25
2024-04-09T11:18:21,Parabolic stop,1,18249.75
2024-04-09T11:18:28,LE1,1,18251.25
2024-04-09T11:18:31,Parabolic stop,1,18248.00
2024-04-09T11:20:08,SE1,1,18248.00
2024-04-09T11:24:33,SX,1,18238.00
2024-04-09T11:26:51,LE1,1,18238.75
2024-04-09T11:26:51,Parabolic stop,1,18236.25
2024-04-09T11:27:14,SE1,1,18232.75
2024-04-09T11:27:14,Parabolic stop,1,18235.25
2024-04-09T11:30:07,LE1,1,18230.25
2024-04-09T11:30:07,Parabolic stop,1,18227.50
2024-04-09T11:30:16,SE1,1,18225.75
2024-04-09T11:30:16,Parabolic stop,1,18229.50
2024-04-09T11:31:21,SE1,1,18229.00
2024-04-09T11:32:05,SX,1,18230.00
2024-04-09T11:32:29,SE1,1,18223.75
2024-04-09T11:32:29,Parabolic stop,1,18226.50
2024-04-09T11:35:36,LE1,1,18220.00
2024-04-09T11:39:23,LX,1,18227.50
2024-04-09T11:40:25,LE1,1,18231.50
2024-04-09T11:40:25,Parabolic stop,1,18228.50
2024-04-09T11:41:02,SE1,1,18226.00
2024-04-09T11:41:02,Parabolic stop,1,18228.50
2024-04-09T11:45:05,LE1,1,18262.00
2024-04-09T11:45:05,Parabolic stop,1,18258.75
2024-04-09T11:46:06,SE1,1,18257.00
2024-04-09T11:46:06,Parabolic stop,1,18260.25
2024-04-09T11:46:27,LE1,1,18263.00
2024-04-09T11:46:27,Parabolic stop,1,18260.25
2024-04-09T11:51:25,LE1,1,18269.25
2024-04-09T11:51:25,Parabolic stop,1,18265.75
2024-04-09T11:54:49,LE1,1,18265.00
2024-04-09T11:55:21,Parabolic stop,1,18262.75
2024-04-09T12:01:02,SE1,1,18270.75
2024-04-09T12:04:32,SX,1,18267.00
2024-04-09T12:07:09,SE1,1,18262.00
2024-04-09T12:08:32,Parabolic stop,1,18265.00
2024-04-09T12:11:06,SE1,1,18267.50
2024-04-09T12:11:06,Parabolic stop,1,18270.00
2024-04-09T12:11:42,LE1,1,18272.50
2024-04-09T12:16:00,LX,1,18283.25
2024-04-09T12:21:48,LE1,1,18290.00
2024-04-09T12:22:19,Parabolic stop,1,18287.75
2024-04-09T12:23:34,SE1,1,18284.25
2024-04-09T12:23:45,Parabolic stop,1,18287.25
2024-04-09T12:24:21,LE1,1,18289.25
2024-04-09T12:24:21,Parabolic stop,1,18286.75
2024-04-09T12:25:37,SE1,1,18287.25
2024-04-09T12:25:37,Parabolic stop,1,18290.75
2024-04-09T12:26:19,LE1,1,18293.00
2024-04-09T12:27:36,LX,1,18291.00
2024-04-09T12:27:36,SE1,1,18291.75
2024-04-09T12:32:36,Parabolic stop,1,18295.00
2024-04-09T12:32:37,LE1,1,18294.50
2024-04-09T12:32:37,Parabolic stop,1,18292.00
2024-04-09T12:37:43,SE1,1,18293.00
2024-04-09T12:37:43,Parabolic stop,1,18295.75
2024-04-09T12:39:36,LE1,1,18299.00
2024-04-09T12:39:46,Parabolic stop,1,18297.00
2024-04-09T12:40:42,SE1,1,18294.75
2024-04-09T12:40:42,Parabolic stop,1,18297.00
2024-04-09T12:42:01,LE1,1,18301.00
2024-04-09T12:42:06,Parabolic stop,1,18298.00
2024-04-09T12:50:04,LE1,1,18293.75
2024-04-09T12:50:04,Parabolic stop,1,18291.50
2024-04-09T12:57:06,LE1,1,18268.00
2024-04-09T12:58:41,Parabolic stop,1,18266.50
2024-04-09T13:01:12,LE1,1,18267.00
2024-04-09T13:01:39,Parabolic stop,1,18251.75
2024-04-09T13:02:00,SE1,1,18260.50
2024-04-09T13:02:00,Parabolic stop,1,18252.25
2024-04-09T13:02:17,LE1,1,18262.00
2024-04-09T13:10:54,LX,1,18283.75
2024-04-09T13:18:07,LE1,1,18278.50
2024-04-09T13:18:07,Parabolic stop,1,18276.00
2024-04-09T13:19:18,SE1,1,18274.50
2024-04-09T13:19:38,Parabolic stop,1,18277.00
2024-04-09T13:20:00,LE1,1,18278.25
2024-04-09T13:20:00,Parabolic stop,1,18275.75
2024-04-09T13:22:47,SE1,1,18286.00
2024-04-09T13:22:47,Parabolic stop,1,18288.50
2024-04-09T13:23:00,LE1,1,18289.25
2024-04-09T13:24:26,LX,1,18287.50
2024-04-09T13:24:26,SE1,1,18289.00
2024-04-09T13:30:14,SX,1,18279.25
2024-04-09T13:33:00,SE1,1,18275.75
2024-04-09T13:35:15,Parabolic stop,1,18277.25
2024-04-09T13:38:20,LE1,1,18279.50
2024-04-09T13:42:05,LX,1,18282.50
2024-04-09T13:42:05,SE1,1,18283.50
2024-04-09T13:47:14,SX,1,18271.00
2024-04-09T13:52:30,SE1,1,18265.50
2024-04-09T13:53:29,Parabolic stop,1,18268.50
2024-04-09T13:57:22,LE1,1,18268.75
2024-04-09T13:57:22,Parabolic stop,1,18266.50
2024-04-09T14:01:09,LE1,1,18256.00
2024-04-09T14:01:09,Parabolic stop,1,18254.75
2024-04-09T14:01:36,SE1,1,18250.75
2024-04-09T14:03:13,SX,1,18249.50
2024-04-09T14:12:12,LE1,1,18266.50
2024-04-09T14:13:12,Parabolic stop,1,18264.75
2024-04-09T14:13:15,SE1,1,18264.25
2024-04-09T14:13:15,Parabolic stop,1,18266.50
2024-04-09T14:14:08,LE1,1,18271.00
2024-04-09T14:14:11,Parabolic stop,1,18268.50
2024-04-09T14:18:24,LE1,1,18271.00
2024-04-09T14:24:04,LX,1,18271.00
2024-04-09T14:24:04,SE1,1,18272.50
2024-04-09T14:25:46,SX,1,18272.75
2024-04-09T14:28:04,SE1,1,18265.25
2024-04-09T14:35:16,SX,1,18255.75
2024-04-09T14:38:11,LE1,1,18263.00
2024-04-09T14:38:12,Parabolic stop,1,18260.50
2024-04-09T14:44:50,SE1,1,18252.50
2024-04-09T14:44:50,Parabolic stop,1,18254.25
2024-04-09T14:48:03,LE1,1,18257.00
2024-04-09T14:48:04,Parabolic stop,1,18254.50
2024-04-09T14:50:53,LE1,1,18251.25
2024-04-09T14:50:53,Parabolic stop,1,18249.00
2024-04-09T14:55:28,SE1,1,18256.75
2024-04-09T14:55:39,Parabolic stop,1,18259.00
2024-04-09T15:03:40,LE1,1,18239.25
2024-04-09T15:03:53,Parabolic stop,1,18237.25
2024-04-09T15:10:10,LE1,1,18228.50
2024-04-09T15:10:10,Parabolic stop,1,18226.00
2024-04-09T15:10:23,SE1,1,18222.75
2024-04-09T15:12:08,SX,1,18224.50
2024-04-09T15:30:33,LE1,1,18327.50
2024-04-09T15:30:33,Parabolic stop,1,18324.75
2024-04-09T15:35:51,LE1,1,18338.00
2024-04-09T15:35:57,Parabolic stop,1,18334.25
2024-04-09T15:42:11,LE1,1,18300.00
2024-04-09T15:42:19,Parabolic stop,1,18297.50
2024-04-09T15:45:51,SE1,1,18309.00
2024-04-09T15:47:42,Parabolic stop,1,18311.75
2024-04-09T15:49:56,LE1,1,18312.50
2024-04-09T15:49:59,Parabolic stop,1,18309.00
2024-04-09T15:52:20,LE1,1,18311.00
2024-04-09T15:53:11,Parabolic stop,1,18308.25
2024-04-09T15:57:29,SE1,1,18328.50
2024-04-09T15:57:31,Parabolic stop,1,18331.00
2024-04-09T15:58:14,LE1,1,18333.75
2024-04-09T16:04:06,SE1,1,18398.75
2024-04-09T16:04:10,Parabolic stop,1,18402.00
2024-04-09T18:37:38,LE1,1,18380.75
2024-04-09T18:37:38,Parabolic stop,1,18378.25
2024-04-09T18:41:59,SE1,1,18374.75
2024-04-09T18:43:35,Parabolic stop,1,18377.25
2024-04-09T20:13:46,LE1,1,18377.00
2024-04-09T20:13:46,Parabolic stop,1,18374.25
2024-04-09T21:25:15,SE1,1,18375.25
2024-04-09T21:51:32,Parabolic stop,1,18377.75
2024-04-09T22:15:23,SE1,1,18372.75
2024-04-09T22:15:23,Parabolic stop,1,18375.50
2024-04-09T22:23:14,LE1,1,18378.50
2024-04-09T22:36:28,Parabolic stop,1,18375.50
2024-04-10T02:59:52,SE1,1,18374.25
2024-04-10T03:00:00,Parabolic stop,1,18378.00
2024-04-10T03:04:34,SE1,1,18378.25
2024-04-10T03:07:00,Parabolic stop,1,18380.75
2024-04-10T03:10:17,LE1,1,18381.50
2024-04-10T03:10:17,Parabolic stop,1,18378.00
2024-04-10T03:27:55,LE1,1,18383.25
2024-04-10T03:36:34,LX,1,18384.00
2024-04-10T03:43:42,LE1,1,18389.25
2024-04-10T03:55:20,LX,1,18391.25
2024-04-10T04:17:01,LE1,1,18391.50
2024-04-10T04:19:35,Parabolic stop,1,18388.00
2024-04-10T04:22:32,SE1,1,18385.75
2024-04-10T04:22:32,Parabolic stop,1,18389.25
2024-04-10T04:27:16,LE1,1,18391.00
2024-04-10T04:28:06,Parabolic stop,1,18388.50
2024-04-10T04:47:20,SE1,1,18389.25
2024-04-10T04:47:20,Parabolic stop,1,18391.75
2024-04-10T04:49:00,LE1,1,18395.50
2024-04-10T04:49:00,Parabolic stop,1,18393.25
2024-04-10T06:02:31,LE1,1,18352.75
2024-04-10T06:16:27,LX,1,18352.50
2024-04-10T06:16:27,SE1,1,18353.75
2024-04-10T06:16:27,Parabolic stop,1,18356.00
2024-04-10T06:26:47,LE1,1,18358.50
2024-04-10T06:26:47,Parabolic stop,1,18356.00
2024-04-10T06:29:30,SE1,1,18353.00
2024-04-10T06:29:30,Parabolic stop,1,18355.75
2024-04-10T06:33:27,LE1,1,18356.75
2024-04-10T06:45:42,Parabolic stop,1,18354.25
2024-04-10T07:20:17,SE1,1,18371.50
2024-04-10T07:20:56,Parabolic stop,1,18374.25
2024-04-10T07:34:23,LE1,1,18376.50
2024-04-10T07:53:25,Parabolic stop,1,18373.75
2024-04-10T07:59:07,LE1,1,18379.25
2024-04-10T08:16:24,LX,1,18391.50
2024-04-10T08:28:53,SE1,1,18383.25
2024-04-10T08:28:53,Parabolic stop,1,18385.50
2024-04-10T08:29:46,LE1,1,18389.00
2024-04-10T08:29:47,LX,1,18437.00
2024-04-10T08:29:47,LE1,1,18442.50
2024-04-10T08:29:47,Parabolic stop,1,18437.00
2024-04-10T08:29:48,LE1,1,18436.50
2024-04-10T08:29:49,Parabolic stop,1,18434.00
2024-04-10T08:29:51,LE1,1,18424.25
2024-04-10T08:29:51,LX,1,18421.50
2024-04-10T08:29:51,SE1,1,18443.50
2024-04-10T08:29:51,Parabolic stop,1,18426.00
2024-04-10T08:29:51,LE1,1,18424.25
2024-04-10T08:29:51,LX,1,18421.50
2024-04-10T08:29:51,LE1,1,18424.25
2024-04-10T08:29:51,LX,1,18421.50
2024-04-10T08:29:55,LE1,1,18428.00
2024-04-10T08:29:55,Parabolic stop,1,18421.00
2024-04-10T08:29:55,LE1,1,18428.00
2024-04-10T08:29:55,Parabolic stop,1,18421.00
2024-04-10T08:29:55,LE1,1,18428.00
2024-04-10T08:29:55,Parabolic stop,1,18421.00
2024-04-10T08:29:57,LE1,1,18417.00
2024-04-10T08:29:57,LX,1,18412.50
2024-04-10T08:29:57,LE1,1,18417.00
2024-04-10T08:29:57,LX,1,18412.50
2024-04-10T08:30:00,LE1,1,18397.00
2024-04-10T08:30:00,LX,1,18388.00
2024-04-10T08:30:00,LE1,1,18397.00
2024-04-10T08:30:00,LX,1,18388.00
2024-04-10T08:30:00,LE1,1,18397.00
2024-04-10T08:30:00,LX,1,18388.00
2024-04-10T08:30:00,LE1,1,18397.00
2024-04-10T08:30:00,LX,1,18388.00
2024-04-10T08:30:00,LE1,1,18397.00
2024-04-10T08:30:00,LX,1,18388.00
2024-04-10T08:30:01,LE1,1,18292.25
2024-04-10T08:30:01,LX,1,18288.00
2024-04-10T08:30:01,LE1,1,18292.25
2024-04-10T08:30:01,LX,1,18288.00
2024-04-10T08:30:01,SE1,1,18350.50
2024-04-10T08:30:01,SX,1,18296.50
2024-04-10T08:30:01,LE1,1,18292.25
2024-04-10T08:30:01,LX,1,18288.00
2024-04-10T08:30:01,LE1,1,18292.25
2024-04-10T08:30:01,LX,1,18288.00
2024-04-10T08:30:01,LE1,1,18292.25
2024-04-10T08:30:01,LX,1,18288.00
2024-04-10T08:30:01,LE1,1,18292.25
2024-04-10T08:30:01,LX,1,18288.00
2024-04-10T08:30:01,LE1,1,18292.25
2024-04-10T08:30:01,LX,1,18288.00
2024-04-10T08:30:01,LE1,1,18292.25
2024-04-10T08:30:01,LX,1,18288.00
2024-04-10T08:30:01,LE1,1,18292.25
2024-04-10T08:30:01,LX,1,18288.00
2024-04-10T08:30:01,LE1,1,18292.25
2024-04-10T08:30:01,LX,1,18288.00
2024-04-10T08:30:03,LE1,1,18282.75
2024-04-10T08:30:10,LX,1,18319.75
2024-04-10T08:30:23,LE1,1,18255.00
2024-04-10T08:30:23,Parabolic stop,1,18243.50
2024-04-10T08:30:32,LE1,1,18229.50
2024-04-10T08:30:32,Parabolic stop,1,18224.50
2024-04-10T08:30:40,LE1,1,18210.50
2024-04-10T08:30:40,Parabolic stop,1,18211.00
2024-04-10T08:30:44,SE1,1,18204.25
2024-04-10T08:30:45,SX,1,18202.25
2024-04-10T08:31:03,LE1,1,18163.75
2024-04-10T08:31:05,Parabolic stop,1,18157.25
2024-04-10T08:31:05,SE1,1,18158.50
2024-04-10T08:31:21,SX,1,18143.00
2024-04-10T08:31:38,SE1,1,18147.00
2024-04-10T08:31:41,Parabolic stop,1,18150.25
2024-04-10T08:31:54,LE1,1,18130.50
2024-04-10T08:31:55,LX,1,18125.50
2024-04-10T08:31:55,SE1,1,18128.75
2024-04-10T08:32:02,SX,1,18125.00
2024-04-10T08:32:08,SE1,1,18128.75
2024-04-10T08:32:09,Parabolic stop,1,18131.75
2024-04-10T08:32:10,LE1,1,18139.75
2024-04-10T08:32:10,Parabolic stop,1,18139.00
2024-04-10T08:32:11,SE1,1,18135.50
2024-04-10T08:32:34,SX,1,18127.75
2024-04-10T08:32:41,SE1,1,18119.75
2024-04-10T08:32:45,SX,1,18122.75
2024-04-10T08:33:58,SE1,1,18158.00
2024-04-10T08:34:33,SX,1,18151.00
2024-04-10T08:37:12,LE1,1,18075.50
2024-04-10T08:37:12,Parabolic stop,1,18071.50
2024-04-10T08:37:15,SE1,1,18073.00
2024-04-10T08:37:15,Parabolic stop,1,18077.25
2024-04-10T08:37:16,LE1,1,18076.75
2024-04-10T08:37:16,Parabolic stop,1,18078.75
2024-04-10T08:37:26,SE1,1,18072.50
2024-04-10T08:37:26,Parabolic stop,1,18066.25
2024-04-10T08:37:31,LE1,1,18075.50
2024-04-10T08:37:35,LX,1,18073.50
2024-04-10T08:37:35,SE1,1,18075.00
2024-04-10T08:37:36,Parabolic stop,1,18079.50
2024-04-10T08:37:37,LE1,1,18081.25
2024-04-10T08:37:58,LX,1,18094.50
2024-04-10T08:37:58,SE1,1,18095.75
2024-04-10T08:37:58,Parabolic stop,1,18099.00
2024-04-10T08:38:02,LE1,1,18102.75
2024-04-10T08:38:03,Parabolic stop,1,18099.75
2024-04-10T08:38:10,SE1,1,18096.75
2024-04-10T08:38:18,SX,1,18089.00
2024-04-10T08:38:39,SE1,1,18090.50
2024-04-10T08:38:39,Parabolic stop,1,18100.00
2024-04-10T08:38:44,LE1,1,18099.75
2024-04-10T08:38:45,Parabolic stop,1,18097.50
2024-04-10T08:39:11,SE1,1,18099.50
2024-04-10T08:39:30,SX,1,18087.50
2024-04-10T08:39:39,SE1,1,18084.50
2024-04-10T08:39:39,Parabolic stop,1,18088.50
2024-04-10T08:39:43,LE1,1,18091.00
2024-04-10T08:39:49,Parabolic stop,1,18078.25
2024-04-10T08:39:49,SE1,1,18087.75
2024-04-10T08:39:59,SX,1,18088.50
2024-04-10T08:40:39,LE1,1,18081.25
2024-04-10T08:40:39,Parabolic stop,1,18078.25
2024-04-10T08:40:52,SE1,1,18077.00
2024-04-10T08:40:57,Parabolic stop,1,18080.25
2024-04-10T08:40:58,LE1,1,18081.25
2024-04-10T08:40:58,Parabolic stop,1,18080.75
2024-04-10T08:42:13,LE1,1,18061.25
2024-04-10T08:43:58,LX,1,18089.75
2024-04-10T08:43:58,SE1,1,18090.75
2024-04-10T08:45:08,SX,1,18086.50
2024-04-10T08:46:17,LE1,1,18101.25
2024-04-10T08:47:26,LX,1,18118.50
2024-04-10T08:47:26,SE1,1,18119.75
2024-04-10T08:47:26,Parabolic stop,1,18122.00
2024-04-10T08:47:38,LE1,1,18124.50
2024-04-10T08:47:38,Parabolic stop,1,18120.00
2024-04-10T08:49:17,LE1,1,18114.50
2024-04-10T08:49:24,Parabolic stop,1,18112.00
2024-04-10T08:50:08,SE1,1,18110.00
2024-04-10T08:50:08,Parabolic stop,1,18113.75
2024-04-10T08:51:39,LE1,1,18105.25
2024-04-10T08:54:05,LX,1,18124.25
2024-04-10T08:54:05,SE1,1,18126.00
2024-04-10T08:55:34,SX,1,18112.75
2024-04-10T08:55:53,SE1,1,18105.50
2024-04-10T08:55:53,Parabolic stop,1,18109.75
2024-04-10T08:56:04,LE1,1,18111.00
2024-04-10T08:56:20,Parabolic stop,1,18108.50
2024-04-10T08:56:51,LE1,1,18109.75
2024-04-10T08:56:51,Parabolic stop,1,18107.00
2024-04-10T08:57:02,SE1,1,18105.50
2024-04-10T08:58:08,SX,1,18100.50
2024-04-10T09:01:24,LE1,1,18094.00
2024-04-10T09:01:24,Parabolic stop,1,18090.75
2024-04-10T09:01:50,LE1,1,18096.25
2024-04-10T09:02:04,Parabolic stop,1,18091.50
2024-04-10T09:02:04,SE1,1,18093.25
2024-04-10T09:02:43,SX,1,18098.00
2024-04-10T09:04:27,LE1,1,18081.75
2024-04-10T09:05:10,LX,1,18080.75
2024-04-10T09:05:10,SE1,1,18082.25
2024-04-10T09:05:18,Parabolic stop,1,18084.75
2024-04-10T09:05:33,LE1,1,18088.50
2024-04-10T09:06:01,Parabolic stop,1,18084.75
2024-04-10T09:06:03,SE1,1,18083.75
2024-04-10T09:07:21,SX,1,18086.00
2024-04-10T09:11:02,LE1,1,18071.50
2024-04-10T09:11:47,Parabolic stop,1,18069.75
2024-04-10T09:13:24,LE1,1,18073.25
2024-04-10T09:13:33,Parabolic stop,1,18071.25
2024-04-10T09:14:34,SE1,1,18070.75
2024-04-10T09:14:34,Parabolic stop,1,18080.00
2024-04-10T09:14:37,LE1,1,18077.25
2024-04-10T09:14:55,Parabolic stop,1,18075.00
2024-04-10T09:17:03,SE1,1,18102.25
2024-04-10T09:17:03,Parabolic stop,1,18106.25
2024-04-10T09:17:25,LE1,1,18109.25
2024-04-10T09:19:04,LX,1,18119.00
2024-04-10T09:21:31,LE1,1,18114.50
2024-04-10T09:23:02,LX,1,18119.50
2024-04-10T09:23:39,LE1,1,18122.75
2024-04-10T09:24:30,LX,1,18120.75
2024-04-10T09:27:39,SE1,1,18125.75
2024-04-10T09:27:39,Parabolic stop,1,18129.00
2024-04-10T09:30:10,SE1,1,18137.75
2024-04-10T09:30:11,Parabolic stop,1,18141.00
2024-04-10T09:30:22,LE1,1,18141.75
2024-04-10T09:30:29,Parabolic stop,1,18139.25
2024-04-10T09:30:32,SE1,1,18139.00
2024-04-10T09:31:14,SX,1,18132.25
2024-04-10T09:31:23,SE1,1,18125.75
2024-04-10T09:31:23,Parabolic stop,1,18124.25
2024-04-10T09:31:34,LE1,1,18131.25
2024-04-10T09:32:02,LX,1,18135.50
2024-04-10T09:32:02,SE1,1,18136.75
2024-04-10T09:32:02,Parabolic stop,1,18140.00
2024-04-10T09:32:13,LE1,1,18143.75
2024-04-10T09:33:15,LX,1,18153.50
2024-04-10T09:33:15,SE1,1,18155.75
2024-04-10T09:34:26,SX,1,18140.00
2024-04-10T09:36:09,SE1,1,18165.50
2024-04-10T09:36:09,Parabolic stop,1,18168.25
2024-04-10T09:36:26,LE1,1,18170.75
2024-04-10T09:36:59,LX,1,18175.00
2024-04-10T09:36:59,SE1,1,18176.00
2024-04-10T09:38:08,SX,1,18166.75
2024-04-10T09:39:49,LE1,1,18178.50
2024-04-10T09:40:01,LX,1,18176.75
2024-04-10T09:40:09,LE1,1,18184.00
2024-04-10T09:40:09,Parabolic stop,1,18180.25
2024-04-10T09:41:03,LE1,1,18174.75
2024-04-10T09:41:03,Parabolic stop,1,18171.00
2024-04-10T09:41:12,SE1,1,18169.50
2024-04-10T09:41:13,Parabolic stop,1,18170.50
2024-04-10T09:42:11,LE1,1,18171.00
2024-04-10T09:42:18,Parabolic stop,1,18166.50
2024-04-10T09:42:18,SE1,1,18167.75
2024-04-10T09:42:18,Parabolic stop,1,18170.75
2024-04-10T09:43:03,LE1,1,18165.25
2024-04-10T09:43:06,Parabolic stop,1,18162.25
2024-04-10T09:45:00,SE1,1,18185.00
2024-04-10T09:46:20,SX,1,18137.00
2024-04-10T09:46:29,SE1,1,18135.75
2024-04-10T09:47:10,SX,1,18114.75
2024-04-10T09:47:18,LE1,1,18116.25
2024-04-10T09:49:28,LX,1,18147.50
2024-04-10T09:49:28,SE1,1,18149.75
2024-04-10T09:50:02,SX,1,18129.00
2024-04-10T09:50:11,SE1,1,18123.00
2024-04-10T09:50:11,Parabolic stop,1,18126.00
2024-04-10T09:50:56,SE1,1,18143.25
2024-04-10T09:50:57,Parabolic stop,1,18148.75
2024-04-10T09:51:00,LE1,1,18150.50
2024-04-10T09:51:07,LX,1,18149.75
2024-04-10T09:51:07,SE1,1,18151.25
2024-04-10T09:51:07,Parabolic stop,1,18155.25
2024-04-10T09:51:10,LE1,1,18156.25
2024-04-10T09:51:11,Parabolic stop,1,18153.25
2024-04-10T09:51:27,LE1,1,18156.25
2024-04-10T09:51:28,Parabolic stop,1,18153.50
2024-04-10T09:51:34,SE1,1,18151.00
2024-04-10T09:51:34,Parabolic stop,1,18152.25
2024-04-10T09:51:47,LE1,1,18156.25
2024-04-10T09:52:10,LX,1,18169.00
2024-04-10T09:52:10,SE1,1,18170.50
2024-04-10T09:52:22,Parabolic stop,1,18175.75
2024-04-10T09:52:22,LE1,1,18174.50
2024-04-10T09:52:22,Parabolic stop,1,18170.75
2024-04-10T09:52:26,SE1,1,18173.00
2024-04-10T09:52:28,SX,1,18175.25
2024-04-10T09:52:52,SE1,1,18167.75
2024-04-10T09:52:57,Parabolic stop,1,18169.75
2024-04-10T09:53:21,LE1,1,18159.75
2024-04-10T09:53:29,LX,1,18156.50
2024-04-10T09:53:29,SE1,1,18158.25
2024-04-10T09:53:33,Parabolic stop,1,18159.25
2024-04-10T09:53:43,LE1,1,18160.75
2024-04-10T09:54:22,LX,1,18176.00
2024-04-10T09:54:22,SE1,1,18177.00
2024-04-10T09:54:22,Parabolic stop,1,18178.00
2024-04-10T09:54:35,LE1,1,18186.50
2024-04-10T09:54:35,Parabolic stop,1,18186.00
2024-04-10T09:55:02,SE1,1,18187.50
2024-04-10T09:55:50,SX,1,18180.25
2024-04-10T09:57:15,LE1,1,18202.00
2024-04-10T09:57:16,Parabolic stop,1,18198.00
2024-04-10T09:57:22,SE1,1,18197.50
2024-04-10T09:57:22,Parabolic stop,1,18200.25
2024-04-10T09:57:25,LE1,1,18203.25
2024-04-10T09:57:27,Parabolic stop,1,18199.75
2024-04-10T09:57:51,SE1,1,18196.75
2024-04-10T09:57:52,Parabolic stop,1,18199.50
2024-04-10T10:00:16,LE1,1,18172.25
2024-04-10T10:00:16,Parabolic stop,1,18167.75
2024-04-10T10:00:23,SE1,1,18168.00
2024-04-10T10:00:23,Parabolic stop,1,18169.00
2024-04-10T10:00:37,LE1,1,18171.25
2024-04-10T10:00:38,Parabolic stop,1,18165.25
2024-04-10T10:00:40,SE1,1,18164.75
2024-04-10T10:00:40,Parabolic stop,1,18168.75
2024-04-10T10:01:00,LE1,1,18169.75
2024-04-10T10:01:00,Parabolic stop,1,18168.25
2024-04-10T10:01:42,SE1,1,18181.00
2024-04-10T10:03:51,SX,1,18160.50
2024-04-10T10:04:14,SE1,1,18157.75
2024-04-10T10:04:20,Parabolic stop,1,18160.25
2024-04-10T10:04:43,LE1,1,18164.25
2024-04-10T10:04:43,Parabolic stop,1,18161.50
2024-04-10T10:04:54,SE1,1,18157.00
2024-04-10T10:04:58,Parabolic stop,1,18162.50
2024-04-10T10:05:36,SE1,1,18167.50
2024-04-10T10:05:36,Parabolic stop,1,18171.50
2024-04-10T10:06:05,LE1,1,18172.00
2024-04-10T10:06:05,Parabolic stop,1,18169.75
2024-04-10T10:06:47,LE1,1,18159.00
2024-04-10T10:06:53,Parabolic stop,1,18152.25
2024-04-10T10:07:05,LE1,1,18156.50
2024-04-10T10:07:53,LX,1,18166.50
2024-04-10T10:07:53,SE1,1,18168.25
2024-04-10T10:07:53,Parabolic stop,1,18169.75
2024-04-10T10:08:18,SE1,1,18169.75
2024-04-10T10:08:18,Parabolic stop,1,18171.50
2024-04-10T10:08:26,LE1,1,18173.75
2024-04-10T10:09:16,LX,1,18175.75
2024-04-10T10:09:16,SE1,1,18176.75
2024-04-10T10:09:16,Parabolic stop,1,18178.50
2024-04-10T10:09:57,SE1,1,18192.50
2024-04-10T10:10:53,SX,1,18185.00
2024-04-10T10:11:01,SE1,1,18180.00
2024-04-10T10:11:01,Parabolic stop,1,18182.00
2024-04-10T10:11:08,LE1,1,18186.50
2024-04-10T10:11:08,Parabolic stop,1,18183.75
2024-04-10T10:11:14,SE1,1,18180.25
2024-04-10T10:11:46,SX,1,18180.00
2024-04-10T10:11:55,SE1,1,18175.50
2024-04-10T10:11:55,Parabolic stop,1,18176.75
2024-04-10T10:12:17,LE1,1,18176.75
2024-04-10T10:12:25,Parabolic stop,1,18173.75
2024-04-10T10:12:37,SE1,1,18173.25
2024-04-10T10:12:37,Parabolic stop,1,18176.50
2024-04-10T10:13:01,LE1,1,18178.00
2024-04-10T10:13:02,Parabolic stop,1,18175.25
2024-04-10T10:13:30,LE1,1,18171.50
2024-04-10T10:13:30,Parabolic stop,1,18168.25
2024-04-10T10:14:00,LE1,1,18168.50
2024-04-10T10:14:00,Parabolic stop,1,18165.50
2024-04-10T10:14:44,LE1,1,18166.50
2024-04-10T10:15:08,Parabolic stop,1,18165.00
2024-04-10T10:16:27,LE1,1,18162.00
2024-04-10T10:16:59,LX,1,18163.25
2024-04-10T10:17:47,LE1,1,18171.00
2024-04-10T10:17:48,Parabolic stop,1,18169.75
2024-04-10T10:18:10,SE1,1,18170.75
2024-04-10T10:18:11,Parabolic stop,1,18175.50
2024-04-10T10:18:44,LE1,1,18178.25
2024-04-10T10:19:52,LX,1,18197.25
2024-04-10T10:22:33,SE1,1,18178.00
2024-04-10T10:22:33,Parabolic stop,1,18179.50
2024-04-10T10:26:02,SE1,1,18183.50
2024-04-10T10:27:57,SX,1,18177.75
2024-04-10T10:28:51,SE1,1,18176.50
