time,event,qty,price
2024-03-18T08:51:36,SE1,1,18150.00
2024-03-18T08:51:36,SE2,1,18150.00
2024-03-18T08:51:36,SE3,1,18150.00
2024-03-18T08:51:36,SE4,1,18150.00
2024-03-18T08:51:36,SE5,1,18150.00
2024-03-18T09:04:02,Parabolic stop,1,18163.25
2024-03-18T09:04:02,Parabolic stop,1,18163.25
2024-03-18T09:04:02,Parabolic stop,1,18163.25
2024-03-18T09:04:02,Parabolic stop,1,18163.25
2024-03-18T09:04:02,Parabolic stop,1,18163.25
2024-03-18T09:20:11,SE1,1,18155.25
2024-03-18T09:20:11,SE2,1,18155.25
2024-03-18T09:20:11,SE3,1,18155.25
2024-03-18T09:20:11,SE4,1,18155.25
2024-03-18T09:20:11,SE5,1,18155.25
2024-03-18T09:37:57,Parabolic stop,1,18154.50
2024-03-18T09:37:57,Parabolic stop,1,18154.50
2024-03-18T09:37:57,Parabolic stop,1,18154.50
2024-03-18T09:37:57,Parabolic stop,1,18154.50
2024-03-18T09:37:57,Parabolic stop,1,18154.50
2024-03-18T13:22:00,SE1,1,18268.75
2024-03-18T13:22:00,SE2,1,18268.75
2024-03-18T13:22:00,SE3,1,18268.75
2024-03-18T13:22:00,SE4,1,18268.75
2024-03-18T13:22:00,SE5,1,18268.75
2024-03-18T14:00:01,Parabolic stop,1,18279.00
2024-03-18T14:00:01,Parabolic stop,1,18279.00
2024-03-18T14:00:01,Parabolic stop,1,18279.00
2024-03-18T14:00:01,Parabolic stop,1,18279.00
2024-03-18T14:00:01,Parabolic stop,1,18279.00
2024-03-18T14:49:21,SE1,1,18328.50
2024-03-18T14:49:21,SE2,1,18328.50
2024-03-18T14:49:21,SE3,1,18328.50
2024-03-18T14:49:21,SE4,1,18328.50
2024-03-18T14:49:21,SE5,1,18328.50
2024-03-18T14:54:08,Parabolic stop,1,18320.75
2024-03-18T14:54:08,Parabolic stop,1,18320.75
2024-03-18T14:54:08,Parabolic stop,1,18320.75
2024-03-18T14:54:08,Parabolic stop,1,18320.75
2024-03-18T14:54:08,Parabolic stop,1,18320.75
2024-03-18T14:58:54,SE1,1,18293.75
2024-03-18T14:58:54,SE2,1,18293.75
2024-03-18T14:58:54,SE3,1,18293.75
2024-03-18T14:58:54,SE4,1,18293.75
2024-03-18T14:58:54,SE5,1,18293.75
2024-03-18T15:00:13,Parabolic stop,1,18301.50
2024-03-18T15:00:13,Parabolic stop,1,18301.50
2024-03-18T15:00:13,Parabolic stop,1,18301.50
2024-03-18T15:00:13,Parabolic stop,1,18301.50
2024-03-18T15:00:13,Parabolic stop,1,18301.50
2024-03-18T15:47:20,SE1,1,18363.25
2024-03-18T15:47:20,SE2,1,18363.25
2024-03-18T15:47:20,SE3,1,18363.25
2024-03-18T15:47:20,SE4,1,18363.25
2024-03-18T15:47:20,SE5,1,18363.25
2024-03-18T16:00:00,Parabolic stop,1,18362.75
2024-03-18T16:00:00,Parabolic stop,1,18362.75
2024-03-18T16:00:00,Parabolic stop,1,18362.75
2024-03-18T16:00:00,Parabolic stop,1,18362.75
2024-03-18T16:00:00,Parabolic stop,1,18362.75
2024-03-18T16:02:05,SE1,1,18350.25
2024-03-18T16:02:05,SE2,1,18350.25
2024-03-18T16:02:05,SE3,1,18350.25
2024-03-18T16:02:05,SE4,1,18350.25
2024-03-18T16:02:05,SE5,1,18350.25
2024-03-18T16:05:35,Parabolic stop,1,18342.00
2024-03-18T16:05:35,Parabolic stop,1,18342.00
2024-03-18T16:05:35,Parabolic stop,1,18342.00
2024-03-18T16:05:35,Parabolic stop,1,18342.00
2024-03-18T16:05:35,Parabolic stop,1,18342.00
2024-03-18T16:11:50,SE1,1,18335.50
2024-03-18T16:11:50,SE2,1,18335.50
2024-03-18T16:11:50,SE3,1,18335.50
2024-03-18T16:11:50,SE4,1,18335.50
2024-03-18T16:11:50,SE5,1,18335.50
2024-03-18T16:15:16,Profit target,1,18313.50
2024-03-18T16:16:58,Profit target,1,18299.50
2024-03-18T16:17:00,Parabolic stop,1,18308.25
2024-03-18T16:17:00,Parabolic stop,1,18308.25
2024-03-18T16:17:00,Parabolic stop,1,18308.25
2024-03-18T16:26:50,SE1,1,18309.75
2024-03-18T16:26:50,SE2,1,18309.75
2024-03-18T16:26:50,SE3,1,18309.75
2024-03-18T16:26:50,SE4,1,18309.75
2024-03-18T16:26:50,SE5,1,18309.75
2024-03-18T16:32:37,Profit target,1,18287.75
2024-03-18T16:34:36,Parabolic stop,1,18295.00
2024-03-18T16:34:36,Parabolic stop,1,18295.00
2024-03-18T16:34:36,Parabolic stop,1,18295.00
2024-03-18T16:34:36,Parabolic stop,1,18295.00
2024-03-18T18:04:05,SE1,1,18241.00
2024-03-18T18:04:05,SE2,1,18241.00
2024-03-18T18:04:05,SE3,1,18241.00
2024-03-18T18:04:05,SE4,1,18241.00
2024-03-18T18:04:05,SE5,1,18241.00
2024-03-18T18:07:30,Parabolic stop,1,18254.00
2024-03-18T18:07:30,Parabolic stop,1,18254.00
2024-03-18T18:07:30,Parabolic stop,1,18254.00
2024-03-18T18:07:30,Parabolic stop,1,18254.00
2024-03-18T18:07:30,Parabolic stop,1,18254.00
2024-03-18T21:00:03,SE1,1,18225.00
2024-03-18T21:00:03,SE2,1,18225.00
2024-03-18T21:00:03,SE3,1,18225.00
2024-03-18T21:00:03,SE4,1,18225.00
2024-03-18T21:00:03,SE5,1,18225.00
2024-03-18T21:07:05,Parabolic stop,1,18229.00
2024-03-18T21:07:05,Parabolic stop,1,18229.00
2024-03-18T21:07:05,Parabolic stop,1,18229.00
2024-03-18T21:07:05,Parabolic stop,1,18229.00
2024-03-18T21:07:05,Parabolic stop,1,18229.00
2024-03-18T21:20:31,SE1,1,18215.25
2024-03-18T21:20:31,SE2,1,18215.25
2024-03-18T21:20:31,SE3,1,18215.25
2024-03-18T21:20:31,SE4,1,18215.25
2024-03-18T21:20:31,SE5,1,18215.25
2024-03-18T21:22:07,Parabolic stop,1,18226.25
2024-03-18T21:22:07,Parabolic stop,1,18226.25
2024-03-18T21:22:07,Parabolic stop,1,18226.25
2024-03-18T21:22:07,Parabolic stop,1,18226.25
2024-03-18T21:22:07,Parabolic stop,1,18226.25
2024-03-18T21:32:34,SE1,1,18227.00
2024-03-18T21:32:34,SE2,1,18227.00
2024-03-18T21:32:34,SE3,1,18227.00
2024-03-18T21:32:34,SE4,1,18227.00
2024-03-18T21:32:34,SE5,1,18227.00
2024-03-18T21:33:20,Parabolic stop,1,18243.50
2024-03-18T21:33:20,Parabolic stop,1,18243.50
2024-03-18T21:33:20,Parabolic stop,1,18243.50
2024-03-18T21:33:20,Parabolic stop,1,18243.50
2024-03-18T21:33:20,Parabolic stop,1,18243.50
2024-03-18T21:39:25,SE1,1,18227.00
2024-03-18T21:39:25,SE2,1,18227.00
2024-03-18T21:39:25,SE3,1,18227.00
2024-03-18T21:39:25,SE4,1,18227.00
2024-03-18T21:39:25,SE5,1,18227.00
2024-03-18T23:00:02,Profit target,1,18205.00
2024-03-18T23:00:02,Parabolic stop,1,18211.50
2024-03-18T23:00:02,Parabolic stop,1,18211.50
2024-03-18T23:00:02,Parabolic stop,1,18211.50
2024-03-18T23:00:02,Parabolic stop,1,18211.50
2024-03-18T23:05:33,SE1,1,18209.00
2024-03-18T23:05:33,SE2,1,18209.00
2024-03-18T23:05:33,SE3,1,18209.00
2024-03-18T23:05:33,SE4,1,18209.00
2024-03-18T23:05:33,SE5,1,18209.00
2024-03-18T23:46:25,Profit target,1,18187.00
2024-03-19T00:03:50,Parabolic stop,1,18185.50
2024-03-19T00:03:50,Parabolic stop,1,18185.50
2024-03-19T00:03:50,Parabolic stop,1,18185.50
2024-03-19T00:03:50,Parabolic stop,1,18185.50
2024-03-19T05:23:37,SE1,1,18183.75
2024-03-19T05:23:37,SE2,1,18183.75
2024-03-19T05:23:37,SE3,1,18183.75
2024-03-19T05:23:37,SE4,1,18183.75
2024-03-19T05:23:37,SE5,1,18183.75
2024-03-19T06:45:56,Parabolic stop,1,18193.00
2024-03-19T06:45:56,Parabolic stop,1,18193.00
2024-03-19T06:45:56,Parabolic stop,1,18193.00
2024-03-19T06:45:56,Parabolic stop,1,18193.00
2024-03-19T06:45:56,Parabolic stop,1,18193.00
2024-03-19T07:05:24,SE1,1,18188.75
2024-03-19T07:05:24,SE2,1,18188.75
2024-03-19T07:05:24,SE3,1,18188.75
2024-03-19T07:05:24,SE4,1,18188.75
2024-03-19T07:05:24,SE5,1,18188.75
2024-03-19T07:20:39,Parabolic stop,1,18189.00
2024-03-19T07:20:39,Parabolic stop,1,18189.00
2024-03-19T07:20:39,Parabolic stop,1,18189.00
2024-03-19T07:20:39,Parabolic stop,1,18189.00
2024-03-19T07:20:39,Parabolic stop,1,18189.00
2024-03-19T08:01:42,SE1,1,18178.00
2024-03-19T08:01:42,SE2,1,18178.00
2024-03-19T08:01:42,SE3,1,18178.00
2024-03-19T08:01:42,SE4,1,18178.00
2024-03-19T08:01:42,SE5,1,18178.00
2024-03-19T08:05:27,Parabolic stop,1,18185.25
2024-03-19T08:05:27,Parabolic stop,1,18185.25
2024-03-19T08:05:27,Parabolic stop,1,18185.25
2024-03-19T08:05:27,Parabolic stop,1,18185.25
2024-03-19T08:05:27,Parabolic stop,1,18185.25
2024-03-19T08:42:46,SE1,1,18181.75
2024-03-19T08:42:46,SE2,1,18181.75
2024-03-19T08:42:46,SE3,1,18181.75
2024-03-19T08:42:46,SE4,1,18181.75
2024-03-19T08:42:46,SE5,1,18181.75
2024-03-19T09:01:57,Parabolic stop,1,18190.00
2024-03-19T09:01:57,Parabolic stop,1,18190.00
2024-03-19T09:01:57,Parabolic stop,1,18190.00
2024-03-19T09:01:57,Parabolic stop,1,18190.00
2024-03-19T09:01:57,Parabolic stop,1,18190.00
2024-03-19T09:06:17,SE1,1,18179.00
2024-03-19T09:06:17,SE2,1,18179.00
2024-03-19T09:06:17,SE3,1,18179.00
2024-03-19T09:06:17,SE4,1,18179.00
2024-03-19T09:06:17,SE5,1,18179.00
2024-03-19T09:15:42,Parabolic stop,1,18172.00
2024-03-19T09:15:42,Parabolic stop,1,18172.00
2024-03-19T09:15:42,Parabolic stop,1,18172.00
2024-03-19T09:15:42,Parabolic stop,1,18172.00
2024-03-19T09:15:42,Parabolic stop,1,18172.00
2024-03-19T09:56:26,SE1,1,18236.00
2024-03-19T09:56:26,SE2,1,18236.00
2024-03-19T09:56:26,SE3,1,18236.00
2024-03-19T09:56:26,SE4,1,18236.00
2024-03-19T09:56:26,SE5,1,18236.00
2024-03-19T10:05:30,Profit target,1,18214.00
2024-03-19T10:06:15,Profit target,1,18200.00
2024-03-19T10:06:29,Parabolic stop,1,18206.25
2024-03-19T10:06:29,Parabolic stop,1,18206.25
2024-03-19T10:06:29,Parabolic stop,1,18206.25
2024-03-19T13:22:00,SE1,1,18098.25
2024-03-19T13:22:00,SE2,1,18098.25
2024-03-19T13:22:00,SE3,1,18098.25
2024-03-19T13:22:00,SE4,1,18098.25
2024-03-19T13:22:00,SE5,1,18098.25
2024-03-19T13:29:01,Parabolic stop,1,18088.50
2024-03-19T13:29:01,Parabolic stop,1,18088.50
2024-03-19T13:29:01,Parabolic stop,1,18088.50
2024-03-19T13:29:01,Parabolic stop,1,18088.50
2024-03-19T13:29:01,Parabolic stop,1,18088.50
2024-03-19T13:44:17,SE1,1,18100.50
2024-03-19T13:44:17,SE2,1,18100.50
2024-03-19T13:44:17,SE3,1,18100.50
2024-03-19T13:44:17,SE4,1,18100.50
2024-03-19T13:44:17,SE5,1,18100.50
2024-03-19T13:48:42,Parabolic stop,1,18118.75
2024-03-19T13:48:42,Parabolic stop,1,18118.75
2024-03-19T13:48:42,Parabolic stop,1,18118.75
2024-03-19T13:48:42,Parabolic stop,1,18118.75
2024-03-19T13:48:42,Parabolic stop,1,18118.75
2024-03-19T14:30:35,SE1,1,18143.00
2024-03-19T14:30:35,SE2,1,18143.00
2024-03-19T14:30:35,SE3,1,18143.00
2024-03-19T14:30:35,SE4,1,18143.00
2024-03-19T14:30:35,SE5,1,18143.00
2024-03-19T14:31:24,Profit target,1,18121.00
2024-03-19T14:31:32,Profit target,1,18107.00
2024-03-19T14:31:51,Parabolic stop,1,18113.75
2024-03-19T14:31:51,Parabolic stop,1,18113.75
2024-03-19T14:31:51,Parabolic stop,1,18113.75
2024-03-19T14:46:30,SE1,1,18061.00
2024-03-19T14:46:30,SE2,1,18061.00
2024-03-19T14:46:30,SE3,1,18061.00
2024-03-19T14:46:30,SE4,1,18061.00
2024-03-19T14:46:30,SE5,1,18061.00
2024-03-19T14:48:56,Parabolic stop,1,18079.25
2024-03-19T14:48:56,Parabolic stop,1,18079.25
2024-03-19T14:48:56,Parabolic stop,1,18079.25
2024-03-19T14:48:56,Parabolic stop,1,18079.25
2024-03-19T14:48:56,Parabolic stop,1,18079.25
2024-03-19T15:15:10,SE1,1,18099.00
2024-03-19T15:15:10,SE2,1,18099.00
2024-03-19T15:15:10,SE3,1,18099.00
2024-03-19T15:15:10,SE4,1,18099.00
2024-03-19T15:15:10,SE5,1,18099.00
2024-03-19T15:19:48,Profit target,1,18077.00
2024-03-19T15:20:51,Parabolic stop,1,18080.00
2024-03-19T15:20:51,Parabolic stop,1,18080.00
2024-03-19T15:20:51,Parabolic stop,1,18080.00
2024-03-19T15:20:51,Parabolic stop,1,18080.00
2024-03-19T16:08:46,SE1,1,18124.75
2024-03-19T16:08:46,SE2,1,18124.75
2024-03-19T16:08:46,SE3,1,18124.75
2024-03-19T16:08:46,SE4,1,18124.75
2024-03-19T16:08:46,SE5,1,18124.75
2024-03-19T16:26:01,Parabolic stop,1,18115.75
2024-03-19T16:26:01,Parabolic stop,1,18115.75
2024-03-19T16:26:01,Parabolic stop,1,18115.75
2024-03-19T16:26:01,Parabolic stop,1,18115.75
2024-03-19T16:26:01,Parabolic stop,1,18115.75
2024-03-19T18:14:26,SE1,1,18242.75
2024-03-19T18:14:26,SE2,1,18242.75
2024-03-19T18:14:26,SE3,1,18242.75
2024-03-19T18:14:26,SE4,1,18242.75
2024-03-19T18:14:26,SE5,1,18242.75
2024-03-19T18:18:25,Parabolic stop,1,18246.50
2024-03-19T18:18:25,Parabolic stop,1,18246.50
2024-03-19T18:18:25,Parabolic stop,1,18246.50
2024-03-19T18:18:25,Parabolic stop,1,18246.50
2024-03-19T18:18:25,Parabolic stop,1,18246.50
2024-03-19T18:20:54,SE1,1,18235.75
2024-03-19T18:20:54,SE2,1,18235.75
2024-03-19T18:20:54,SE3,1,18235.75
2024-03-19T18:20:54,SE4,1,18235.75
2024-03-19T18:20:54,SE5,1,18235.75
2024-03-19T18:27:07,Parabolic stop,1,18254.25
2024-03-19T18:27:07,Parabolic stop,1,18254.25
2024-03-19T18:27:07,Parabolic stop,1,18254.25
2024-03-19T18:27:07,Parabolic stop,1,18254.25
2024-03-19T18:27:07,Parabolic stop,1,18254.25
2024-03-19T18:36:02,SE1,1,18251.75
2024-03-19T18:36:02,SE2,1,18251.75
2024-03-19T18:36:02,SE3,1,18251.75
2024-03-19T18:36:02,SE4,1,18251.75
2024-03-19T18:36:02,SE5,1,18251.75
2024-03-19T18:45:18,Parabolic stop,1,18270.50
2024-03-19T18:45:18,Parabolic stop,1,18270.50
2024-03-19T18:45:18,Parabolic stop,1,18270.50
2024-03-19T18:45:18,Parabolic stop,1,18270.50
2024-03-19T18:45:18,Parabolic stop,1,18270.50
2024-03-19T19:01:38,SE1,1,18251.50
2024-03-19T19:01:38,SE2,1,18251.50
2024-03-19T19:01:38,SE3,1,18251.50
2024-03-19T19:01:38,SE4,1,18251.50
2024-03-19T19:01:38,SE5,1,18251.50
2024-03-19T19:13:51,Parabolic stop,1,18257.00
2024-03-19T19:13:51,Parabolic stop,1,18257.00
2024-03-19T19:13:51,Parabolic stop,1,18257.00
2024-03-19T19:13:51,Parabolic stop,1,18257.00
2024-03-19T19:13:51,Parabolic stop,1,18257.00
2024-03-19T19:54:40,SE1,1,18270.50
2024-03-19T19:54:40,SE2,1,18270.50
2024-03-19T19:54:40,SE3,1,18270.50
2024-03-19T19:54:40,SE4,1,18270.50
2024-03-19T19:54:40,SE5,1,18270.50
2024-03-19T19:57:35,Parabolic stop,1,18269.75
2024-03-19T19:57:35,Parabolic stop,1,18269.75
2024-03-19T19:57:35,Parabolic stop,1,18269.75
2024-03-19T19:57:35,Parabolic stop,1,18269.75
2024-03-19T19:57:35,Parabolic stop,1,18269.75
2024-03-19T20:04:55,SE1,1,18260.50
2024-03-19T20:04:55,SE2,1,18260.50
2024-03-19T20:04:55,SE3,1,18260.50
2024-03-19T20:04:55,SE4,1,18260.50
2024-03-19T20:04:55,SE5,1,18260.50
2024-03-19T20:12:38,Profit target,1,18238.50
2024-03-19T20:15:10,Profit target,1,18224.50
2024-03-19T20:15:26,Profit target,1,18219.00
2024-03-19T20:16:01,Parabolic stop,1,18225.50
2024-03-19T20:16:01,Parabolic stop,1,18225.50
2024-03-19T20:22:56,SE1,1,18226.25
2024-03-19T20:22:56,SE2,1,18226.25
2024-03-19T20:22:56,SE3,1,18226.25
2024-03-19T20:22:56,SE4,1,18226.25
2024-03-19T20:22:56,SE5,1,18226.25
2024-03-19T20:33:21,Parabolic stop,1,18240.25
2024-03-19T20:33:21,Parabolic stop,1,18240.25
2024-03-19T20:33:21,Parabolic stop,1,18240.25
2024-03-19T20:33:21,Parabolic stop,1,18240.25
2024-03-19T20:33:21,Parabolic stop,1,18240.25
2024-03-20T06:01:56,SE1,1,18235.00
2024-03-20T06:01:56,SE2,1,18235.00
2024-03-20T06:01:56,SE3,1,18235.00
2024-03-20T06:01:56,SE4,1,18235.00
2024-03-20T06:01:56,SE5,1,18235.00
2024-03-20T07:23:32,Parabolic stop,1,18255.75
2024-03-20T07:23:32,Parabolic stop,1,18255.75
2024-03-20T07:23:32,Parabolic stop,1,18255.75
2024-03-20T07:23:32,Parabolic stop,1,18255.75
2024-03-20T07:23:32,Parabolic stop,1,18255.75
2024-03-20T13:40:10,SE1,1,18299.25
2024-03-20T13:40:10,SE2,1,18299.25
2024-03-20T13:40:10,SE3,1,18299.25
2024-03-20T13:40:10,SE4,1,18299.25
2024-03-20T13:40:10,SE5,1,18299.25
2024-03-20T13:50:03,Parabolic stop,1,18296.50
2024-03-20T13:50:03,Parabolic stop,1,18296.50
2024-03-20T13:50:03,Parabolic stop,1,18296.50
2024-03-20T13:50:03,Parabolic stop,1,18296.50
2024-03-20T13:50:03,Parabolic stop,1,18296.50
2024-03-20T14:48:07,SE1,1,18252.75
2024-03-20T14:48:07,SE2,1,18252.75
2024-03-20T14:48:07,SE3,1,18252.75
2024-03-20T14:48:07,SE4,1,18252.75
2024-03-20T14:48:07,SE5,1,18252.75
2024-03-20T14:52:27,Parabolic stop,1,18264.75
2024-03-20T14:52:27,Parabolic stop,1,18264.75
2024-03-20T14:52:27,Parabolic stop,1,18264.75
2024-03-20T14:52:27,Parabolic stop,1,18264.75
2024-03-20T14:52:27,Parabolic stop,1,18264.75
2024-03-20T15:00:01,SE1,1,18255.00
2024-03-20T15:00:01,SE2,1,18255.00
2024-03-20T15:00:01,SE3,1,18255.00
2024-03-20T15:00:01,SE4,1,18255.00
2024-03-20T15:00:01,SE5,1,18255.00
2024-03-20T15:03:31,Parabolic stop,1,18270.25
2024-03-20T15:03:31,Parabolic stop,1,18270.25
2024-03-20T15:03:31,Parabolic stop,1,18270.25
2024-03-20T15:03:31,Parabolic stop,1,18270.25
2024-03-20T15:03:31,Parabolic stop,1,18270.25
2024-03-20T17:08:49,SE1,1,18266.50
2024-03-20T17:08:49,SE2,1,18266.50
2024-03-20T17:08:49,SE3,1,18266.50
2024-03-20T17:08:49,SE4,1,18266.50
2024-03-20T17:08:49,SE5,1,18266.50
2024-03-20T17:23:32,Parabolic stop,1,18270.00
2024-03-20T17:23:32,Parabolic stop,1,18270.00
2024-03-20T17:23:32,Parabolic stop,1,18270.00
2024-03-20T17:23:32,Parabolic stop,1,18270.00
2024-03-20T17:23:32,Parabolic stop,1,18270.00
2024-03-20T17:30:53,SE1,1,18268.25
2024-03-20T17:30:53,SE2,1,18268.25
2024-03-20T17:30:53,SE3,1,18268.25
2024-03-20T17:30:53,SE4,1,18268.25
2024-03-20T17:30:53,SE5,1,18268.25
2024-03-20T17:35:18,Parabolic stop,1,18273.25
2024-03-20T17:35:18,Parabolic stop,1,18273.25
2024-03-20T17:35:18,Parabolic stop,1,18273.25
2024-03-20T17:35:18,Parabolic stop,1,18273.25
2024-03-20T17:35:18,Parabolic stop,1,18273.25
2024-03-20T18:12:07,SE1,1,18272.50
2024-03-20T18:12:07,SE2,1,18272.50
2024-03-20T18:12:07,SE3,1,18272.50
2024-03-20T18:12:07,SE4,1,18272.50
2024-03-20T18:12:07,SE5,1,18272.50
2024-03-20T18:15:21,Parabolic stop,1,18269.00
2024-03-20T18:15:21,Parabolic stop,1,18269.00
2024-03-20T18:15:21,Parabolic stop,1,18269.00
2024-03-20T18:15:21,Parabolic stop,1,18269.00
2024-03-20T18:15:21,Parabolic stop,1,18269.00
2024-03-20T19:00:02,SE1,1,18311.00
2024-03-20T19:00:02,SE2,1,18311.00
2024-03-20T19:00:02,SE3,1,18311.00
2024-03-20T19:00:02,SE4,1,18311.00
2024-03-20T19:00:02,SE5,1,18311.00
2024-03-20T19:00:07,Profit target,1,18289.00
2024-03-20T19:00:07,Parabolic stop,1,18297.25
2024-03-20T19:00:07,Parabolic stop,1,18297.25
2024-03-20T19:00:07,Parabolic stop,1,18297.25
2024-03-20T19:00:07,Parabolic stop,1,18297.25
2024-03-20T19:01:07,SE1,1,18316.00
2024-03-20T19:01:07,SE2,1,18316.00
2024-03-20T19:01:07,SE3,1,18316.00
2024-03-20T19:01:07,SE4,1,18316.00
2024-03-20T19:01:07,SE5,1,18316.00
2024-03-20T19:01:12,Parabolic stop,1,18335.25
2024-03-20T19:01:12,Parabolic stop,1,18335.25
2024-03-20T19:01:12,Parabolic stop,1,18335.25
2024-03-20T19:01:12,Parabolic stop,1,18335.25
2024-03-20T19:01:12,Parabolic stop,1,18335.25
2024-03-20T19:02:57,SE1,1,18346.25
2024-03-20T19:02:57,SE2,1,18346.25
2024-03-20T19:02:57,SE3,1,18346.25
2024-03-20T19:02:57,SE4,1,18346.25
2024-03-20T19:02:57,SE5,1,18346.25
2024-03-20T19:03:21,Parabolic stop,1,18345.50
2024-03-20T19:03:21,Parabolic stop,1,18345.50
2024-03-20T19:03:21,Parabolic stop,1,18345.50
2024-03-20T19:03:21,Parabolic stop,1,18345.50
2024-03-20T19:03:21,Parabolic stop,1,18345.50
2024-03-20T19:09:23,SE1,1,18345.50
2024-03-20T19:09:23,SE2,1,18345.50
2024-03-20T19:09:23,SE3,1,18345.50
2024-03-20T19:09:23,SE4,1,18345.50
2024-03-20T19:09:23,SE5,1,18345.50
2024-03-20T19:09:47,Profit target,1,18323.50
2024-03-20T19:09:47,Parabolic stop,1,18348.50
2024-03-20T19:09:47,Parabolic stop,1,18348.50
2024-03-20T19:09:47,Parabolic stop,1,18348.50
2024-03-20T19:09:47,Parabolic stop,1,18348.50
2024-03-20T19:33:39,SE1,1,18330.00
2024-03-20T19:33:39,SE2,1,18330.00
2024-03-20T19:33:39,SE3,1,18330.00
2024-03-20T19:33:39,SE4,1,18330.00
2024-03-20T19:33:39,SE5,1,18330.00
2024-03-20T19:34:13,Profit target,1,18308.00
2024-03-20T19:35:00,Profit target,1,18294.00
2024-03-20T19:35:15,Profit target,1,18288.50
2024-03-20T19:35:16,Parabolic stop,1,18298.25
2024-03-20T19:35:16,Parabolic stop,1,18298.25
2024-03-20T19:38:44,SE1,1,18364.25
2024-03-20T19:38:44,SE2,1,18364.25
2024-03-20T19:38:44,SE3,1,18364.25
2024-03-20T19:38:44,SE4,1,18364.25
2024-03-20T19:38:44,SE5,1,18364.25
2024-03-20T19:39:06,Parabolic stop,1,18368.25
2024-03-20T19:39:06,Parabolic stop,1,18368.25
2024-03-20T19:39:06,Parabolic stop,1,18368.25
2024-03-20T19:39:06,Parabolic stop,1,18368.25
2024-03-20T19:39:06,Parabolic stop,1,18368.25
2024-03-20T19:39:37,SE1,1,18360.25
2024-03-20T19:39:37,SE2,1,18360.25
2024-03-20T19:39:37,SE3,1,18360.25
2024-03-20T19:39:37,SE4,1,18360.25
2024-03-20T19:39:37,SE5,1,18360.25
2024-03-20T19:41:04,Parabolic stop,1,18352.00
2024-03-20T19:41:04,Parabolic stop,1,18352.00
2024-03-20T19:41:04,Parabolic stop,1,18352.00
2024-03-20T19:41:04,Parabolic stop,1,18352.00
2024-03-20T19:41:04,Parabolic stop,1,18352.00
2024-03-20T19:56:12,SE1,1,18437.00
2024-03-20T19:56:12,SE2,1,18437.00
2024-03-20T19:56:12,SE3,1,18437.00
2024-03-20T19:56:12,SE4,1,18437.00
2024-03-20T19:56:12,SE5,1,18437.00
2024-03-20T19:57:07,Profit target,1,18415.00
2024-03-20T19:57:16,Parabolic stop,1,18422.00
2024-03-20T19:57:16,Parabolic stop,1,18422.00
2024-03-20T19:57:16,Parabolic stop,1,18422.00
2024-03-20T19:57:16,Parabolic stop,1,18422.00
2024-03-20T19:59:05,SE1,1,18419.75
2024-03-20T19:59:05,SE2,1,18419.75
2024-03-20T19:59:05,SE3,1,18419.75
2024-03-20T19:59:05,SE4,1,18419.75
2024-03-20T19:59:05,SE5,1,18419.75
2024-03-20T20:00:45,Parabolic stop,1,18431.75
2024-03-20T20:00:45,Parabolic stop,1,18431.75
2024-03-20T20:00:45,Parabolic stop,1,18431.75
2024-03-20T20:00:45,Parabolic stop,1,18431.75
2024-03-20T20:00:45,Parabolic stop,1,18431.75
2024-03-20T20:01:48,SE1,1,18432.50
2024-03-20T20:01:48,SE2,1,18432.50
2024-03-20T20:01:48,SE3,1,18432.50
2024-03-20T20:01:48,SE4,1,18432.50
2024-03-20T20:01:48,SE5,1,18432.50
2024-03-20T20:02:27,Parabolic stop,1,18430.00
2024-03-20T20:02:27,Parabolic stop,1,18430.00
2024-03-20T20:02:27,Parabolic stop,1,18430.00
2024-03-20T20:02:27,Parabolic stop,1,18430.00
2024-03-20T20:02:27,Parabolic stop,1,18430.00
2024-03-20T20:04:03,SE1,1,18423.25
2024-03-20T20:04:03,SE2,1,18423.25
2024-03-20T20:04:03,SE3,1,18423.25
2024-03-20T20:04:03,SE4,1,18423.25
2024-03-20T20:04:03,SE5,1,18423.25
2024-03-20T20:05:00,Parabolic stop,1,18431.50
2024-03-20T20:05:00,Parabolic stop,1,18431.50
2024-03-20T20:05:00,Parabolic stop,1,18431.50
2024-03-20T20:05:00,Parabolic stop,1,18431.50
2024-03-20T20:05:00,Parabolic stop,1,18431.50
2024-03-20T20:47:15,SE1,1,18451.50
2024-03-20T20:47:15,SE2,1,18451.50
2024-03-20T20:47:15,SE3,1,18451.50
2024-03-20T20:47:15,SE4,1,18451.50
2024-03-20T20:47:15,SE5,1,18451.50
2024-03-20T20:51:16,Parabolic stop,1,18454.50
2024-03-20T20:51:16,Parabolic stop,1,18454.50
2024-03-20T20:51:16,Parabolic stop,1,18454.50
2024-03-20T20:51:16,Parabolic stop,1,18454.50
2024-03-20T20:51:16,Parabolic stop,1,18454.50
2024-03-20T20:55:26,SE1,1,18463.00
2024-03-20T20:55:26,SE2,1,18463.00
2024-03-20T20:55:26,SE3,1,18463.00
2024-03-20T20:55:26,SE4,1,18463.00
2024-03-20T20:55:26,SE5,1,18463.00
2024-03-20T20:59:38,Parabolic stop,1,18483.00
2024-03-20T20:59:38,Parabolic stop,1,18483.00
2024-03-20T20:59:38,Parabolic stop,1,18483.00
2024-03-20T20:59:38,Parabolic stop,1,18483.00
2024-03-20T20:59:38,Parabolic stop,1,18483.00
2024-03-21T09:01:01,SE1,1,18649.50
2024-03-21T09:01:01,SE2,1,18649.50
2024-03-21T09:01:01,SE3,1,18649.50
2024-03-21T09:01:01,SE4,1,18649.50
2024-03-21T09:01:01,SE5,1,18649.50
2024-03-21T09:12:20,Profit target,1,18627.50
2024-03-21T09:24:31,Parabolic stop,1,18625.50
2024-03-21T09:24:31,Parabolic stop,1,18625.50
2024-03-21T09:24:31,Parabolic stop,1,18625.50
2024-03-21T09:24:31,Parabolic stop,1,18625.50
2024-03-21T14:55:50,SE1,1,18636.25
2024-03-21T14:55:50,SE2,1,18636.25
2024-03-21T14:55:50,SE3,1,18636.25
2024-03-21T14:55:50,SE4,1,18636.25
2024-03-21T14:55:50,SE5,1,18636.25
2024-03-21T14:58:45,Parabolic stop,1,18643.75
2024-03-21T14:58:45,Parabolic stop,1,18643.75
2024-03-21T14:58:45,Parabolic stop,1,18643.75
2024-03-21T14:58:45,Parabolic stop,1,18643.75
2024-03-21T14:58:45,Parabolic stop,1,18643.75
2024-03-21T15:00:51,SE1,1,18636.25
2024-03-21T15:00:51,SE2,1,18636.25
2024-03-21T15:00:51,SE3,1,18636.25
2024-03-21T15:00:51,SE4,1,18636.25
2024-03-21T15:00:51,SE5,1,18636.25
2024-03-21T15:02:18,Parabolic stop,1,18651.75
2024-03-21T15:02:18,Parabolic stop,1,18651.75
2024-03-21T15:02:18,Parabolic stop,1,18651.75
2024-03-21T15:02:18,Parabolic stop,1,18651.75
2024-03-21T15:02:18,Parabolic stop,1,18651.75
2024-03-21T15:17:58,SE1,1,18642.25
2024-03-21T15:17:58,SE2,1,18642.25
2024-03-21T15:17:58,SE3,1,18642.25
2024-03-21T15:17:58,SE4,1,18642.25
2024-03-21T15:17:58,SE5,1,18642.25
2024-03-21T15:19:59,Parabolic stop,1,18661.75
2024-03-21T15:19:59,Parabolic stop,1,18661.75
2024-03-21T15:19:59,Parabolic stop,1,18661.75
2024-03-21T15:19:59,Parabolic stop,1,18661.75
2024-03-21T15:19:59,Parabolic stop,1,18661.75
2024-03-21T15:39:58,SE1,1,18633.75
2024-03-21T15:39:58,SE2,1,18633.75
2024-03-21T15:39:58,SE3,1,18633.75
2024-03-21T15:39:58,SE4,1,18633.75
2024-03-21T15:39:58,SE5,1,18633.75
2024-03-21T15:41:56,Parabolic stop,1,18636.00
2024-03-21T15:41:56,Parabolic stop,1,18636.00
2024-03-21T15:41:56,Parabolic stop,1,18636.00
2024-03-21T15:41:56,Parabolic stop,1,18636.00
2024-03-21T15:41:56,Parabolic stop,1,18636.00
2024-03-21T16:03:13,SE1,1,18646.75
2024-03-21T16:03:13,SE2,1,18646.75
2024-03-21T16:03:13,SE3,1,18646.75
2024-03-21T16:03:13,SE4,1,18646.75
2024-03-21T16:03:13,SE5,1,18646.75
2024-03-21T16:07:16,Profit target,1,18624.75
2024-03-21T16:07:58,Parabolic stop,1,18628.50
2024-03-21T16:07:58,Parabolic stop,1,18628.50
2024-03-21T16:07:58,Parabolic stop,1,18628.50
2024-03-21T16:07:58,Parabolic stop,1,18628.50
2024-03-21T16:18:12,SE1,1,18632.00
2024-03-21T16:18:12,SE2,1,18632.00
2024-03-21T16:18:12,SE3,1,18632.00
2024-03-21T16:18:12,SE4,1,18632.00
2024-03-21T16:18:12,SE5,1,18632.00
2024-03-21T16:20:19,Parabolic stop,1,18644.00
2024-03-21T16:20:19,Parabolic stop,1,18644.00
2024-03-21T16:20:19,Parabolic stop,1,18644.00
2024-03-21T16:20:19,Parabolic stop,1,18644.00
2024-03-21T16:20:19,Parabolic stop,1,18644.00
2024-03-21T18:01:11,SE1,1,18680.75
2024-03-21T18:01:11,SE2,1,18680.75
2024-03-21T18:01:11,SE3,1,18680.75
2024-03-21T18:01:11,SE4,1,18680.75
2024-03-21T18:01:11,SE5,1,18680.75
2024-03-21T18:02:05,Parabolic stop,1,18674.25
2024-03-21T18:02:05,Parabolic stop,1,18674.25
2024-03-21T18:02:05,Parabolic stop,1,18674.25
2024-03-21T18:02:05,Parabolic stop,1,18674.25
2024-03-21T18:02:05,Parabolic stop,1,18674.25
2024-03-21T18:47:11,SE1,1,18650.25
2024-03-21T18:47:11,SE2,1,18650.25
2024-03-21T18:47:11,SE3,1,18650.25
2024-03-21T18:47:11,SE4,1,18650.25
2024-03-21T18:47:11,SE5,1,18650.25
2024-03-21T18:53:03,Profit target,1,18628.25
2024-03-21T18:55:18,Profit target,1,18614.25
2024-03-21T19:00:20,Parabolic stop,1,18620.75
2024-03-21T19:00:20,Parabolic stop,1,18620.75
2024-03-21T19:00:20,Parabolic stop,1,18620.75
2024-03-21T19:53:20,SE1,1,18578.25
2024-03-21T19:53:20,SE2,1,18578.25
2024-03-21T19:53:20,SE3,1,18578.25
2024-03-21T19:53:20,SE4,1,18578.25
2024-03-21T19:53:20,SE5,1,18578.25
2024-03-21T19:57:20,Parabolic stop,1,18568.25
2024-03-21T19:57:20,Parabolic stop,1,18568.25
2024-03-21T19:57:20,Parabolic stop,1,18568.25
2024-03-21T19:57:20,Parabolic stop,1,18568.25
2024-03-21T19:57:20,Parabolic stop,1,18568.25
2024-03-21T20:33:00,SE1,1,18583.75
2024-03-21T20:33:00,SE2,1,18583.75
2024-03-21T20:33:00,SE3,1,18583.75
2024-03-21T20:33:00,SE4,1,18583.75
2024-03-21T20:33:00,SE5,1,18583.75
2024-03-21T20:38:26,Parabolic stop,1,18577.25
2024-03-21T20:38:26,Parabolic stop,1,18577.25
2024-03-21T20:38:26,Parabolic stop,1,18577.25
2024-03-21T20:38:26,Parabolic stop,1,18577.25
2024-03-21T20:38:26,Parabolic stop,1,18577.25
2024-03-21T20:48:08,SE1,1,18574.25
2024-03-21T20:48:08,SE2,1,18574.25
2024-03-21T20:48:08,SE3,1,18574.25
2024-03-21T20:48:08,SE4,1,18574.25
2024-03-21T20:48:08,SE5,1,18574.25
2024-03-21T20:51:00,Parabolic stop,1,18587.00
2024-03-21T20:51:00,Parabolic stop,1,18587.00
2024-03-21T20:51:00,Parabolic stop,1,18587.00
2024-03-21T20:51:00,Parabolic stop,1,18587.00
2024-03-21T20:51:00,Parabolic stop,1,18587.00
2024-03-21T20:52:30,SE1,1,18573.75
2024-03-21T20:52:30,SE2,1,18573.75
2024-03-21T20:52:30,SE3,1,18573.75
2024-03-21T20:52:30,SE4,1,18573.75
2024-03-21T20:52:30,SE5,1,18573.75
2024-03-22T11:14:33,SE1,1,18579.00
2024-03-22T11:14:33,SE2,1,18579.00
2024-03-22T11:14:33,SE3,1,18579.00
2024-03-22T11:14:33,SE4,1,18579.00
2024-03-22T11:14:33,SE5,1,18579.00
2024-03-22T11:56:04,Parabolic stop,1,18581.75
2024-03-22T11:56:04,Parabolic stop,1,18581.75
2024-03-22T11:56:04,Parabolic stop,1,18581.75
2024-03-22T11:56:04,Parabolic stop,1,18581.75
2024-03-22T11:56:04,Parabolic stop,1,18581.75
2024-03-22T14:41:37,SE1,1,18529.25
2024-03-22T14:41:37,SE2,1,18529.25
2024-03-22T14:41:37,SE3,1,18529.25
2024-03-22T14:41:37,SE4,1,18529.25
2024-03-22T14:41:37,SE5,1,18529.25
2024-03-22T14:44:14,Profit target,1,18507.25
2024-03-22T14:45:39,Parabolic stop,1,18512.25
2024-03-22T14:45:39,Parabolic stop,1,18512.25
2024-03-22T14:45:39,Parabolic stop,1,18512.25
2024-03-22T14:45:39,Parabolic stop,1,18512.25
2024-03-22T14:47:39,SE1,1,18504.25
2024-03-22T14:47:39,SE2,1,18504.25
2024-03-22T14:47:39,SE3,1,18504.25
2024-03-22T14:47:39,SE4,1,18504.25
2024-03-22T14:47:39,SE5,1,18504.25
2024-03-22T14:52:08,Parabolic stop,1,18516.75
2024-03-22T14:52:08,Parabolic stop,1,18516.75
2024-03-22T14:52:08,Parabolic stop,1,18516.75
2024-03-22T14:52:08,Parabolic stop,1,18516.75
2024-03-22T14:52:08,Parabolic stop,1,18516.75
2024-03-22T15:14:40,SE1,1,18533.00
2024-03-22T15:14:40,SE2,1,18533.00
2024-03-22T15:14:40,SE3,1,18533.00
2024-03-22T15:14:40,SE4,1,18533.00
2024-03-22T15:14:40,SE5,1,18533.00
2024-03-22T15:15:18,Parabolic stop,1,18531.75
2024-03-22T15:15:18,Parabolic stop,1,18531.75
2024-03-22T15:15:18,Parabolic stop,1,18531.75
2024-03-22T15:15:18,Parabolic stop,1,18531.75
2024-03-22T15:15:18,Parabolic stop,1,18531.75
2024-03-22T15:22:42,SE1,1,18529.50
2024-03-22T15:22:42,SE2,1,18529.50
2024-03-22T15:22:42,SE3,1,18529.50
2024-03-22T15:22:42,SE4,1,18529.50
2024-03-22T15:22:42,SE5,1,18529.50
2024-03-22T15:26:53,Parabolic stop,1,18523.00
2024-03-22T15:26:53,Parabolic stop,1,18523.00
2024-03-22T15:26:53,Parabolic stop,1,18523.00
2024-03-22T15:26:53,Parabolic stop,1,18523.00
2024-03-22T15:26:53,Parabolic stop,1,18523.00
2024-03-22T17:34:30,SE1,1,18540.50
2024-03-22T17:34:30,SE2,1,18540.50
2024-03-22T17:34:30,SE3,1,18540.50
2024-03-22T17:34:30,SE4,1,18540.50
2024-03-22T17:34:30,SE5,1,18540.50
2024-03-22T17:40:02,Parabolic stop,1,18544.25
2024-03-22T17:40:02,Parabolic stop,1,18544.25
2024-03-22T17:40:02,Parabolic stop,1,18544.25
2024-03-22T17:40:02,Parabolic stop,1,18544.25
2024-03-22T17:40:02,Parabolic stop,1,18544.25
2024-03-22T18:21:37,SE1,1,18591.50
2024-03-22T18:21:37,SE2,1,18591.50
2024-03-22T18:21:37,SE3,1,18591.50
2024-03-22T18:21:37,SE4,1,18591.50
2024-03-22T18:21:37,SE5,1,18591.50
2024-03-22T18:45:00,Parabolic stop,1,18603.75
2024-03-22T18:45:00,Parabolic stop,1,18603.75
2024-03-22T18:45:00,Parabolic stop,1,18603.75
2024-03-22T18:45:00,Parabolic stop,1,18603.75
2024-03-22T18:45:00,Parabolic stop,1,18603.75
2024-03-22T19:33:13,SE1,1,18595.50
2024-03-22T19:33:13,SE2,1,18595.50
2024-03-22T19:33:13,SE3,1,18595.50
2024-03-22T19:33:13,SE4,1,18595.50
2024-03-22T19:33:13,SE5,1,18595.50
2024-03-22T19:56:49,Parabolic stop,1,18597.00
2024-03-22T19:56:49,Parabolic stop,1,18597.00
2024-03-22T19:56:49,Parabolic stop,1,18597.00
2024-03-22T19:56:49,Parabolic stop,1,18597.00
2024-03-22T19:56:49,Parabolic stop,1,18597.00
2024-03-22T20:16:17,SE1,1,18554.50
2024-03-22T20:16:17,SE2,1,18554.50
2024-03-22T20:16:17,SE3,1,18554.50
2024-03-22T20:16:17,SE4,1,18554.50
2024-03-22T20:16:17,SE5,1,18554.50
2024-03-22T20:19:34,Parabolic stop,1,18565.00
2024-03-22T20:19:34,Parabolic stop,1,18565.00
2024-03-22T20:19:34,Parabolic stop,1,18565.00
2024-03-22T20:19:34,Parabolic stop,1,18565.00
2024-03-22T20:19:34,Parabolic stop,1,18565.00
2024-03-25T03:11:56,SE1,1,18584.25
2024-03-25T03:11:56,SE2,1,18584.25
2024-03-25T03:11:56,SE3,1,18584.25
2024-03-25T03:11:56,SE4,1,18584.25
2024-03-25T03:11:56,SE5,1,18584.25
2024-03-25T06:01:31,Profit target,1,18562.25
2024-03-25T07:01:42,Profit target,1,18548.25
2024-03-25T07:05:01,Profit target,1,18542.75
2024-03-25T07:21:18,Parabolic stop,1,18542.00
2024-03-25T07:21:18,Parabolic stop,1,18542.00
2024-03-25T09:22:15,SE1,1,18542.50
2024-03-25T09:22:15,SE2,1,18542.50
2024-03-25T09:22:15,SE3,1,18542.50
2024-03-25T09:22:15,SE4,1,18542.50
2024-03-25T09:22:15,SE5,1,18542.50
2024-03-25T09:33:43,Parabolic stop,1,18557.00
2024-03-25T09:33:43,Parabolic stop,1,18557.00
2024-03-25T09:33:43,Parabolic stop,1,18557.00
2024-03-25T09:33:43,Parabolic stop,1,18557.00
2024-03-25T09:33:43,Parabolic stop,1,18557.00
2024-03-25T09:55:00,SE1,1,18547.25
2024-03-25T09:55:00,SE2,1,18547.25
2024-03-25T09:55:00,SE3,1,18547.25
2024-03-25T09:55:00,SE4,1,18547.25
2024-03-25T09:55:00,SE5,1,18547.25
2024-03-25T10:55:47,Profit target,1,18525.25
2024-03-25T11:01:04,Parabolic stop,1,18528.25
2024-03-25T11:01:04,Parabolic stop,1,18528.25
2024-03-25T11:01:04,Parabolic stop,1,18528.25
2024-03-25T11:01:04,Parabolic stop,1,18528.25
2024-03-25T13:38:52,SE1,1,18470.25
2024-03-25T13:38:52,SE2,1,18470.25
2024-03-25T13:38:52,SE3,1,18470.25
2024-03-25T13:38:52,SE4,1,18470.25
2024-03-25T13:38:52,SE5,1,18470.25
2024-03-25T14:16:46,Parabolic stop,1,18480.50
2024-03-25T14:16:46,Parabolic stop,1,18480.50
2024-03-25T14:16:46,Parabolic stop,1,18480.50
2024-03-25T14:16:46,Parabolic stop,1,18480.50
2024-03-25T14:16:46,Parabolic stop,1,18480.50
2024-03-25T14:36:47,SE1,1,18463.25
2024-03-25T14:36:47,SE2,1,18463.25
2024-03-25T14:36:47,SE3,1,18463.25
2024-03-25T14:36:47,SE4,1,18463.25
2024-03-25T14:36:47,SE5,1,18463.25
2024-03-25T14:40:28,Profit target,1,18441.25
2024-03-25T14:41:17,Profit target,1,18427.25
2024-03-25T14:41:33,Parabolic stop,1,18432.75
2024-03-25T14:41:33,Parabolic stop,1,18432.75
2024-03-25T14:41:33,Parabolic stop,1,18432.75
2024-03-25T15:38:12,SE1,1,18512.00
2024-03-25T15:38:12,SE2,1,18512.00
2024-03-25T15:38:12,SE3,1,18512.00
2024-03-25T15:38:12,SE4,1,18512.00
2024-03-25T15:38:12,SE5,1,18512.00
2024-03-25T15:48:21,Parabolic stop,1,18511.75
2024-03-25T15:48:21,Parabolic stop,1,18511.75
2024-03-25T15:48:21,Parabolic stop,1,18511.75
2024-03-25T15:48:21,Parabolic stop,1,18511.75
2024-03-25T15:48:21,Parabolic stop,1,18511.75
2024-03-25T17:30:39,SE1,1,18519.25
2024-03-25T17:30:39,SE2,1,18519.25
2024-03-25T17:30:39,SE3,1,18519.25
2024-03-25T17:30:39,SE4,1,18519.25
2024-03-25T17:30:39,SE5,1,18519.25
2024-03-25T17:42:58,Parabolic stop,1,18529.00
2024-03-25T17:42:58,Parabolic stop,1,18529.00
2024-03-25T17:42:58,Parabolic stop,1,18529.00
2024-03-25T17:42:58,Parabolic stop,1,18529.00
2024-03-25T17:42:58,Parabolic stop,1,18529.00
2024-03-25T18:08:25,SE1,1,18522.00
2024-03-25T18:08:25,SE2,1,18522.00
2024-03-25T18:08:25,SE3,1,18522.00
2024-03-25T18:08:25,SE4,1,18522.00
2024-03-25T18:08:25,SE5,1,18522.00
2024-03-25T18:14:12,Parabolic stop,1,18534.00
2024-03-25T18:14:12,Parabolic stop,1,18534.00
2024-03-25T18:14:12,Parabolic stop,1,18534.00
2024-03-25T18:14:12,Parabolic stop,1,18534.00
2024-03-25T18:14:12,Parabolic stop,1,18534.00
2024-03-25T20:04:51,SE1,1,18554.50
2024-03-25T20:04:51,SE2,1,18554.50
2024-03-25T20:04:51,SE3,1,18554.50
2024-03-25T20:04:51,SE4,1,18554.50
2024-03-25T20:04:51,SE5,1,18554.50
2024-03-25T20:12:43,Parabolic stop,1,18546.50
2024-03-25T20:12:43,Parabolic stop,1,18546.50
2024-03-25T20:12:43,Parabolic stop,1,18546.50
2024-03-25T20:12:43,Parabolic stop,1,18546.50
2024-03-25T20:12:43,Parabolic stop,1,18546.50
2024-03-25T20:50:23,SE1,1,18538.75
2024-03-25T20:50:23,SE2,1,18538.75
2024-03-25T20:50:23,SE3,1,18538.75
2024-03-25T20:50:23,SE4,1,18538.75
2024-03-25T20:50:23,SE5,1,18538.75
2024-03-25T20:54:40,Profit target,1,18516.75
2024-03-25T20:54:50,Parabolic stop,1,18521.25
2024-03-25T20:54:50,Parabolic stop,1,18521.25
2024-03-25T20:54:50,Parabolic stop,1,18521.25
2024-03-25T20:54:50,Parabolic stop,1,18521.25
2024-03-26T08:39:55,SE1,1,18593.25
2024-03-26T08:39:55,SE2,1,18593.25
2024-03-26T08:39:55,SE3,1,18593.25
2024-03-26T08:39:55,SE4,1,18593.25
2024-03-26T08:39:55,SE5,1,18593.25
2024-03-26T08:51:33,Profit target,1,18571.25
2024-03-26T08:54:53,Parabolic stop,1,18575.25
2024-03-26T08:54:53,Parabolic stop,1,18575.25
2024-03-26T08:54:53,Parabolic stop,1,18575.25
2024-03-26T08:54:53,Parabolic stop,1,18575.25
2024-03-26T13:12:49,SE1,1,18600.00
2024-03-26T13:12:49,SE2,1,18600.00
2024-03-26T13:12:49,SE3,1,18600.00
2024-03-26T13:12:49,SE4,1,18600.00
2024-03-26T13:12:49,SE5,1,18600.00
2024-03-26T13:35:32,Parabolic stop,1,18591.00
2024-03-26T13:35:32,Parabolic stop,1,18591.00
2024-03-26T13:35:32,Parabolic stop,1,18591.00
2024-03-26T13:35:32,Parabolic stop,1,18591.00
2024-03-26T13:35:32,Parabolic stop,1,18591.00
2024-03-26T13:41:27,SE1,1,18581.25
2024-03-26T13:41:27,SE2,1,18581.25
2024-03-26T13:41:27,SE3,1,18581.25
2024-03-26T13:41:27,SE4,1,18581.25
2024-03-26T13:41:27,SE5,1,18581.25
2024-03-26T13:43:11,Profit target,1,18559.25
2024-03-26T13:43:16,Parabolic stop,1,18568.75
2024-03-26T13:43:16,Parabolic stop,1,18568.75
2024-03-26T13:43:16,Parabolic stop,1,18568.75
2024-03-26T13:43:16,Parabolic stop,1,18568.75
2024-03-26T13:52:23,SE1,1,18561.75
2024-03-26T13:52:23,SE2,1,18561.75
2024-03-26T13:52:23,SE3,1,18561.75
2024-03-26T13:52:23,SE4,1,18561.75
2024-03-26T13:52:23,SE5,1,18561.75
2024-03-26T14:27:46,Parabolic stop,1,18569.75
2024-03-26T14:27:46,Parabolic stop,1,18569.75
2024-03-26T14:27:46,Parabolic stop,1,18569.75
2024-03-26T14:27:46,Parabolic stop,1,18569.75
2024-03-26T14:27:46,Parabolic stop,1,18569.75
2024-03-26T14:30:14,SE1,1,18557.25
2024-03-26T14:30:14,SE2,1,18557.25
2024-03-26T14:30:14,SE3,1,18557.25
2024-03-26T14:30:14,SE4,1,18557.25
2024-03-26T14:30:14,SE5,1,18557.25
2024-03-26T14:30:41,Parabolic stop,1,18569.25
2024-03-26T14:30:41,Parabolic stop,1,18569.25
2024-03-26T14:30:41,Parabolic stop,1,18569.25
2024-03-26T14:30:41,Parabolic stop,1,18569.25
2024-03-26T14:30:41,Parabolic stop,1,18569.25
2024-03-26T14:51:17,SE1,1,18574.50
2024-03-26T14:51:17,SE2,1,18574.50
2024-03-26T14:51:17,SE3,1,18574.50
2024-03-26T14:51:17,SE4,1,18574.50
2024-03-26T14:51:17,SE5,1,18574.50
2024-03-26T14:58:30,Parabolic stop,1,18585.25
2024-03-26T14:58:30,Parabolic stop,1,18585.25
2024-03-26T14:58:30,Parabolic stop,1,18585.25
2024-03-26T14:58:30,Parabolic stop,1,18585.25
2024-03-26T14:58:30,Parabolic stop,1,18585.25
2024-03-26T15:22:25,SE1,1,18586.00
2024-03-26T15:22:25,SE2,1,18586.00
2024-03-26T15:22:25,SE3,1,18586.00
2024-03-26T15:22:25,SE4,1,18586.00
2024-03-26T15:22:25,SE5,1,18586.00
2024-03-26T15:29:14,Profit target,1,18564.00
2024-03-26T15:29:22,Profit target,1,18550.00
2024-03-26T15:29:22,Parabolic stop,1,18557.75
2024-03-26T15:29:22,Parabolic stop,1,18557.75
2024-03-26T15:29:22,Parabolic stop,1,18557.75
2024-03-26T15:41:02,SE1,1,18546.25
2024-03-26T15:41:02,SE2,1,18546.25
2024-03-26T15:41:02,SE3,1,18546.25
2024-03-26T15:41:02,SE4,1,18546.25
2024-03-26T15:41:02,SE5,1,18546.25
2024-03-26T15:49:39,Parabolic stop,1,18551.75
2024-03-26T15:49:39,Parabolic stop,1,18551.75
2024-03-26T15:49:39,Parabolic stop,1,18551.75
2024-03-26T15:49:39,Parabolic stop,1,18551.75
2024-03-26T15:49:39,Parabolic stop,1,18551.75
2024-03-26T18:02:45,SE1,1,18533.50
2024-03-26T18:02:45,SE2,1,18533.50
2024-03-26T18:02:45,SE3,1,18533.50
2024-03-26T18:02:45,SE4,1,18533.50
2024-03-26T18:02:45,SE5,1,18533.50
2024-03-26T18:07:04,Parabolic stop,1,18549.00
2024-03-26T18:07:04,Parabolic stop,1,18549.00
2024-03-26T18:07:04,Parabolic stop,1,18549.00
2024-03-26T18:07:04,Parabolic stop,1,18549.00
2024-03-26T18:07:04,Parabolic stop,1,18549.00
2024-03-26T18:44:27,SE1,1,18541.00
2024-03-26T18:44:27,SE2,1,18541.00
2024-03-26T18:44:27,SE3,1,18541.00
2024-03-26T18:44:27,SE4,1,18541.00
2024-03-26T18:44:27,SE5,1,18541.00
2024-03-26T18:56:00,Parabolic stop,1,18548.00
2024-03-26T18:56:00,Parabolic stop,1,18548.00
2024-03-26T18:56:00,Parabolic stop,1,18548.00
2024-03-26T18:56:00,Parabolic stop,1,18548.00
2024-03-26T18:56:00,Parabolic stop,1,18548.00
2024-03-26T19:42:38,SE1,1,18545.50
2024-03-26T19:42:38,SE2,1,18545.50
2024-03-26T19:42:38,SE3,1,18545.50
2024-03-26T19:42:38,SE4,1,18545.50
2024-03-26T19:42:38,SE5,1,18545.50
2024-03-26T19:53:21,Parabolic stop,1,18552.50
2024-03-26T19:53:21,Parabolic stop,1,18552.50
2024-03-26T19:53:21,Parabolic stop,1,18552.50
2024-03-26T19:53:21,Parabolic stop,1,18552.50
2024-03-26T19:53:21,Parabolic stop,1,18552.50
2024-03-26T20:05:33,SE1,1,18541.75
2024-03-26T20:05:33,SE2,1,18541.75
2024-03-26T20:05:33,SE3,1,18541.75
2024-03-26T20:05:33,SE4,1,18541.75
2024-03-26T20:05:33,SE5,1,18541.75
2024-03-26T20:25:19,Profit target,1,18519.75
2024-03-26T20:29:21,Profit target,1,18505.75
2024-03-26T20:29:29,Parabolic stop,1,18509.75
2024-03-26T20:29:29,Parabolic stop,1,18509.75
2024-03-26T20:29:29,Parabolic stop,1,18509.75
2024-03-26T20:54:40,SE1,1,18466.25
2024-03-26T20:54:40,SE2,1,18466.25
2024-03-26T20:54:40,SE3,1,18466.25
2024-03-26T20:54:40,SE4,1,18466.25
2024-03-26T20:54:40,SE5,1,18466.25
2024-03-26T20:56:41,Profit target,1,18444.25
2024-03-26T20:57:00,Parabolic stop,1,18451.25
2024-03-26T20:57:00,Parabolic stop,1,18451.25
2024-03-26T20:57:00,Parabolic stop,1,18451.25
2024-03-26T20:57:00,Parabolic stop,1,18451.25
2024-03-27T14:52:16,SE1,1,18496.50
2024-03-27T14:52:16,SE2,1,18496.50
2024-03-27T14:52:16,SE3,1,18496.50
2024-03-27T14:52:16,SE4,1,18496.50
2024-03-27T14:52:16,SE5,1,18496.50
2024-03-27T14:54:21,Profit target,1,18474.50
2024-03-27T14:54:35,Profit target,1,18460.50
2024-03-27T14:54:38,Parabolic stop,1,18466.25
2024-03-27T14:54:38,Parabolic stop,1,18466.25
2024-03-27T14:54:38,Parabolic stop,1,18466.25
2024-03-27T15:11:09,SE1,1,18406.00
2024-03-27T15:11:09,SE2,1,18406.00
2024-03-27T15:11:09,SE3,1,18406.00
2024-03-27T15:11:09,SE4,1,18406.00
2024-03-27T15:11:09,SE5,1,18406.00
2024-03-27T15:12:52,Profit target,1,18384.00
2024-03-27T15:12:57,Parabolic stop,1,18390.25
2024-03-27T15:12:57,Parabolic stop,1,18390.25
2024-03-27T15:12:57,Parabolic stop,1,18390.25
2024-03-27T15:12:57,Parabolic stop,1,18390.25
2024-03-27T16:02:36,SE1,1,18411.50
2024-03-27T16:02:36,SE2,1,18411.50
2024-03-27T16:02:36,SE3,1,18411.50
2024-03-27T16:02:36,SE4,1,18411.50
2024-03-27T16:02:36,SE5,1,18411.50
2024-03-27T16:08:07,Parabolic stop,1,18423.25
2024-03-27T16:08:07,Parabolic stop,1,18423.25
2024-03-27T16:08:07,Parabolic stop,1,18423.25
2024-03-27T16:08:07,Parabolic stop,1,18423.25
2024-03-27T16:08:07,Parabolic stop,1,18423.25
2024-03-27T16:11:26,SE1,1,18408.50
2024-03-27T16:11:26,SE2,1,18408.50
2024-03-27T16:11:26,SE3,1,18408.50
2024-03-27T16:11:26,SE4,1,18408.50
2024-03-27T16:11:26,SE5,1,18408.50
2024-03-27T16:17:06,Parabolic stop,1,18426.00
2024-03-27T16:17:06,Parabolic stop,1,18426.00
2024-03-27T16:17:06,Parabolic stop,1,18426.00
2024-03-27T16:17:06,Parabolic stop,1,18426.00
2024-03-27T16:17:06,Parabolic stop,1,18426.00
2024-03-27T23:05:57,SE1,1,18487.00
2024-03-27T23:05:57,SE2,1,18487.00
2024-03-27T23:05:57,SE3,1,18487.00
2024-03-27T23:05:57,SE4,1,18487.00
2024-03-27T23:05:57,SE5,1,18487.00
2024-03-27T23:31:17,Parabolic stop,1,18495.50
2024-03-27T23:31:17,Parabolic stop,1,18495.50
2024-03-27T23:31:17,Parabolic stop,1,18495.50
2024-03-27T23:31:17,Parabolic stop,1,18495.50
2024-03-27T23:31:17,Parabolic stop,1,18495.50
2024-03-27T23:47:40,SE1,1,18481.75
2024-03-27T23:47:40,SE2,1,18481.75
2024-03-27T23:47:40,SE3,1,18481.75
2024-03-27T23:47:40,SE4,1,18481.75
2024-03-27T23:47:40,SE5,1,18481.75
2024-03-28T01:09:48,Parabolic stop,1,18490.25
2024-03-28T01:09:48,Parabolic stop,1,18490.25
2024-03-28T01:09:48,Parabolic stop,1,18490.25
2024-03-28T01:09:48,Parabolic stop,1,18490.25
2024-03-28T01:09:48,Parabolic stop,1,18490.25
2024-03-28T15:05:45,SE1,1,18521.75
2024-03-28T15:05:45,SE2,1,18521.75
2024-03-28T15:05:45,SE3,1,18521.75
2024-03-28T15:05:45,SE4,1,18521.75
2024-03-28T15:05:45,SE5,1,18521.75
2024-03-28T15:09:20,Profit target,1,18499.75
2024-03-28T15:13:04,Profit target,1,18485.75
2024-03-28T15:13:32,Profit target,1,18480.25
2024-03-28T15:13:32,Parabolic stop,1,18489.50
2024-03-28T15:13:32,Parabolic stop,1,18489.50
2024-03-28T15:21:52,SE1,1,18484.00
2024-03-28T15:21:52,SE2,1,18484.00
2024-03-28T15:21:52,SE3,1,18484.00
2024-03-28T15:21:52,SE4,1,18484.00
2024-03-28T15:21:52,SE5,1,18484.00
2024-03-28T15:28:08,Parabolic stop,1,18495.75
2024-03-28T15:28:08,Parabolic stop,1,18495.75
2024-03-28T15:28:08,Parabolic stop,1,18495.75
2024-03-28T15:28:08,Parabolic stop,1,18495.75
2024-03-28T15:28:08,Parabolic stop,1,18495.75
2024-03-28T16:35:54,SE1,1,18500.25
2024-03-28T16:35:54,SE2,1,18500.25
2024-03-28T16:35:54,SE3,1,18500.25
2024-03-28T16:35:54,SE4,1,18500.25
2024-03-28T16:35:54,SE5,1,18500.25
2024-03-28T16:48:45,Parabolic stop,1,18504.75
2024-03-28T16:48:45,Parabolic stop,1,18504.75
2024-03-28T16:48:45,Parabolic stop,1,18504.75
2024-03-28T16:48:45,Parabolic stop,1,18504.75
2024-03-28T16:48:45,Parabolic stop,1,18504.75
2024-03-28T17:05:13,SE1,1,18501.50
2024-03-28T17:05:13,SE2,1,18501.50
2024-03-28T17:05:13,SE3,1,18501.50
2024-03-28T17:05:13,SE4,1,18501.50
2024-03-28T17:05:13,SE5,1,18501.50
2024-03-28T17:07:32,Parabolic stop,1,18490.25
2024-03-28T17:07:32,Parabolic stop,1,18490.25
2024-03-28T17:07:32,Parabolic stop,1,18490.25
2024-03-28T17:07:32,Parabolic stop,1,18490.25
2024-03-28T17:07:32,Parabolic stop,1,18490.25
2024-03-28T17:31:51,SE1,1,18477.50
2024-03-28T17:31:51,SE2,1,18477.50
2024-03-28T17:31:51,SE3,1,18477.50
2024-03-28T17:31:51,SE4,1,18477.50
2024-03-28T17:31:51,SE5,1,18477.50
2024-03-28T18:05:31,Parabolic stop,1,18477.25
2024-03-28T18:05:31,Parabolic stop,1,18477.25
2024-03-28T18:05:31,Parabolic stop,1,18477.25
2024-03-28T18:05:31,Parabolic stop,1,18477.25
2024-03-28T18:05:31,Parabolic stop,1,18477.25
2024-03-28T19:41:37,SE1,1,18460.00
2024-03-28T19:41:37,SE2,1,18460.00
2024-03-28T19:41:37,SE3,1,18460.00
2024-03-28T19:41:37,SE4,1,18460.00
2024-03-28T19:41:37,SE5,1,18460.00
2024-03-28T19:47:25,Parabolic stop,1,18465.25
2024-03-28T19:47:25,Parabolic stop,1,18465.25
2024-03-28T19:47:25,Parabolic stop,1,18465.25
2024-03-28T19:47:25,Parabolic stop,1,18465.25
2024-03-28T19:47:25,Parabolic stop,1,18465.25
2024-03-28T20:59:46,SE1,1,18481.25
2024-03-28T20:59:46,SE2,1,18481.25
2024-03-28T20:59:46,SE3,1,18481.25
2024-03-28T20:59:46,SE4,1,18481.25
2024-03-28T20:59:46,SE5,1,18481.25
2024-03-28T20:59:58,Profit target,1,18459.25
2024-03-28T21:38:29,SE1,1,18457.50
2024-03-28T21:38:29,SE2,1,18457.50
2024-03-28T21:38:29,SE3,1,18457.50
2024-03-28T21:38:29,SE4,1,18457.50
2024-03-28T21:38:29,SE5,1,18457.50
2024-03-28T21:39:21,Profit target,1,18421.00
2024-03-28T21:39:21,Profit target,1,18421.00
2024-04-01T00:00:00,Parabolic stop,1,18512.75
2024-04-01T00:00:00,Parabolic stop,1,18512.75
2024-04-01T00:00:00,Parabolic stop,1,18512.75
2024-04-01T00:00:00,SE1,1,18519.75
2024-04-01T00:00:00,SE2,1,18519.75
2024-04-01T00:00:00,SE3,1,18519.75
2024-04-01T00:00:00,SE4,1,18519.75
2024-04-01T00:00:00,SE5,1,18519.75
2024-04-01T00:00:00,Parabolic stop,1,18512.75
2024-04-01T00:00:00,Parabolic stop,1,18512.75
2024-04-01T00:00:00,Parabolic stop,1,18512.75
2024-04-01T00:00:00,Parabolic stop,1,18512.75
2024-04-01T00:00:00,Parabolic stop,1,18512.75
2024-04-01T10:04:00,SE1,1,18586.00
2024-04-01T10:04:00,SE2,1,18586.00
2024-04-01T10:04:00,SE3,1,18586.00
2024-04-01T10:04:00,SE4,1,18586.00
2024-04-01T10:04:00,SE5,1,18586.00
2024-04-01T10:10:03,Profit target,1,18564.00
2024-04-01T10:10:41,Parabolic stop,1,18568.00
2024-04-01T10:10:41,Parabolic stop,1,18568.00
2024-04-01T10:10:41,Parabolic stop,1,18568.00
2024-04-01T10:10:41,Parabolic stop,1,18568.00
2024-04-01T13:02:13,SE1,1,18566.75
2024-04-01T13:02:13,SE2,1,18566.75
2024-04-01T13:02:13,SE3,1,18566.75
2024-04-01T13:02:13,SE4,1,18566.75
2024-04-01T13:02:13,SE5,1,18566.75
2024-04-01T13:20:03,Profit target,1,18544.75
2024-04-01T13:30:08,Profit target,1,18530.75
2024-04-01T13:30:48,Parabolic stop,1,18538.25
2024-04-01T13:30:48,Parabolic stop,1,18538.25
2024-04-01T13:30:48,Parabolic stop,1,18538.25
2024-04-01T15:01:48,SE1,1,18504.25
2024-04-01T15:01:48,SE2,1,18504.25
2024-04-01T15:01:48,SE3,1,18504.25
2024-04-01T15:01:48,SE4,1,18504.25
2024-04-01T15:01:48,SE5,1,18504.25
2024-04-01T15:16:14,Profit target,1,18482.25
2024-04-01T15:16:40,Parabolic stop,1,18489.50
2024-04-01T15:16:40,Parabolic stop,1,18489.50
2024-04-01T15:16:40,Parabolic stop,1,18489.50
2024-04-01T15:16:40,Parabolic stop,1,18489.50
2024-04-01T15:47:21,SE1,1,18591.75
2024-04-01T15:47:21,SE2,1,18591.75
2024-04-01T15:47:21,SE3,1,18591.75
2024-04-01T15:47:21,SE4,1,18591.75
2024-04-01T15:47:21,SE5,1,18591.75
2024-04-01T15:50:22,Parabolic stop,1,18595.00
2024-04-01T15:50:22,Parabolic stop,1,18595.00
2024-04-01T15:50:22,Parabolic stop,1,18595.00
2024-04-01T15:50:22,Parabolic stop,1,18595.00
2024-04-01T15:50:22,Parabolic stop,1,18595.00
2024-04-01T16:02:37,SE1,1,18584.00
2024-04-01T16:02:37,SE2,1,18584.00
2024-04-01T16:02:37,SE3,1,18584.00
2024-04-01T16:02:37,SE4,1,18584.00
2024-04-01T16:02:37,SE5,1,18584.00
2024-04-01T16:04:22,Profit target,1,18562.00
2024-04-01T16:04:51,Profit target,1,18548.00
2024-04-01T16:04:52,Parabolic stop,1,18557.00
2024-04-01T16:04:52,Parabolic stop,1,18557.00
2024-04-01T16:04:52,Parabolic stop,1,18557.00
2024-04-01T16:26:34,SE1,1,18535.50
2024-04-01T16:26:34,SE2,1,18535.50
2024-04-01T16:26:34,SE3,1,18535.50
2024-04-01T16:26:34,SE4,1,18535.50
2024-04-01T16:26:34,SE5,1,18535.50
2024-04-01T16:33:09,Parabolic stop,1,18527.75
2024-04-01T16:33:09,Parabolic stop,1,18527.75
2024-04-01T16:33:09,Parabolic stop,1,18527.75
2024-04-01T16:33:09,Parabolic stop,1,18527.75
2024-04-01T16:33:09,Parabolic stop,1,18527.75
2024-04-01T16:35:30,SE1,1,18517.25
2024-04-01T16:35:30,SE2,1,18517.25
2024-04-01T16:35:30,SE3,1,18517.25
2024-04-01T16:35:30,SE4,1,18517.25
2024-04-01T16:35:30,SE5,1,18517.25
2024-04-01T16:39:14,Profit target,1,18495.25
2024-04-01T16:39:24,Profit target,1,18481.25
2024-04-01T16:39:24,Parabolic stop,1,18491.25
2024-04-01T16:39:24,Parabolic stop,1,18491.25
2024-04-01T16:39:24,Parabolic stop,1,18491.25
2024-04-01T17:06:13,SE1,1,18467.25
2024-04-01T17:06:13,SE2,1,18467.25
2024-04-01T17:06:13,SE3,1,18467.25
2024-04-01T17:06:13,SE4,1,18467.25
2024-04-01T17:06:13,SE5,1,18467.25
2024-04-01T17:07:26,Parabolic stop,1,18486.00
2024-04-01T17:07:26,Parabolic stop,1,18486.00
2024-04-01T17:07:26,Parabolic stop,1,18486.00
2024-04-01T17:07:26,Parabolic stop,1,18486.00
2024-04-01T17:07:26,Parabolic stop,1,18486.00
2024-04-01T17:09:36,SE1,1,18472.50
2024-04-01T17:09:36,SE2,1,18472.50
2024-04-01T17:09:36,SE3,1,18472.50
2024-04-01T17:09:36,SE4,1,18472.50
2024-04-01T17:09:36,SE5,1,18472.50
2024-04-01T17:15:44,Profit target,1,18450.50
2024-04-01T17:16:14,Profit target,1,18436.50
2024-04-01T17:16:18,Profit target,1,18431.00
2024-04-01T17:16:19,Parabolic stop,1,18438.50
2024-04-01T17:16:19,Parabolic stop,1,18438.50
2024-04-01T20:42:43,SE1,1,18465.25
2024-04-01T20:42:43,SE2,1,18465.25
2024-04-01T20:42:43,SE3,1,18465.25
2024-04-01T20:42:43,SE4,1,18465.25
2024-04-01T20:42:43,SE5,1,18465.25
2024-04-01T21:05:04,Parabolic stop,1,18472.75
2024-04-01T21:05:04,Parabolic stop,1,18472.75
2024-04-01T21:05:04,Parabolic stop,1,18472.75
2024-04-01T21:05:04,Parabolic stop,1,18472.75
2024-04-01T21:05:04,Parabolic stop,1,18472.75
2024-04-01T21:26:04,SE1,1,18471.00
2024-04-01T21:26:04,SE2,1,18471.00
2024-04-01T21:26:04,SE3,1,18471.00
2024-04-01T21:26:04,SE4,1,18471.00
2024-04-01T21:26:04,SE5,1,18471.00
2024-04-01T21:33:10,Parabolic stop,1,18481.00
2024-04-01T21:33:10,Parabolic stop,1,18481.00
2024-04-01T21:33:10,Parabolic stop,1,18481.00
2024-04-01T21:33:10,Parabolic stop,1,18481.00
2024-04-01T21:33:10,Parabolic stop,1,18481.00
2024-04-01T21:52:22,SE1,1,18470.25
2024-04-01T21:52:22,SE2,1,18470.25
2024-04-01T21:52:22,SE3,1,18470.25
2024-04-01T21:52:22,SE4,1,18470.25
2024-04-01T21:52:22,SE5,1,18470.25
2024-04-01T21:54:30,Parabolic stop,1,18496.25
2024-04-01T21:54:30,Parabolic stop,1,18496.25
2024-04-01T21:54:30,Parabolic stop,1,18496.25
2024-04-01T21:54:30,Parabolic stop,1,18496.25
2024-04-01T21:54:30,Parabolic stop,1,18496.25
2024-04-01T22:59:59,SE1,1,18496.75
2024-04-01T22:59:59,SE2,1,18496.75
2024-04-01T22:59:59,SE3,1,18496.75
2024-04-01T22:59:59,SE4,1,18496.75
2024-04-01T22:59:59,SE5,1,18496.75
2024-04-02T00:30:05,Profit target,1,18474.75
2024-04-02T01:42:52,Profit target,1,18460.75
2024-04-02T01:45:05,Parabolic stop,1,18470.75
2024-04-02T01:45:05,Parabolic stop,1,18470.75
2024-04-02T01:45:05,Parabolic stop,1,18470.75
2024-04-02T06:21:47,SE1,1,18472.00
2024-04-02T06:21:47,SE2,1,18472.00
2024-04-02T06:21:47,SE3,1,18472.00
2024-04-02T06:21:47,SE4,1,18472.00
2024-04-02T06:21:47,SE5,1,18472.00
2024-04-02T08:00:05,Parabolic stop,1,18471.50
2024-04-02T08:00:05,Parabolic stop,1,18471.50
2024-04-02T08:00:05,Parabolic stop,1,18471.50
2024-04-02T08:00:05,Parabolic stop,1,18471.50
2024-04-02T08:00:05,Parabolic stop,1,18471.50
2024-04-02T08:59:55,SE1,1,18479.75
2024-04-02T08:59:55,SE2,1,18479.75
2024-04-02T08:59:55,SE3,1,18479.75
2024-04-02T08:59:55,SE4,1,18479.75
2024-04-02T08:59:55,SE5,1,18479.75
2024-04-02T09:10:01,Parabolic stop,1,18499.00
2024-04-02T09:10:01,Parabolic stop,1,18499.00
2024-04-02T09:10:01,Parabolic stop,1,18499.00
2024-04-02T09:10:01,Parabolic stop,1,18499.00
2024-04-02T09:10:01,Parabolic stop,1,18499.00
2024-04-02T13:20:16,SE1,1,18428.25
2024-04-02T13:20:16,SE2,1,18428.25
2024-04-02T13:20:16,SE3,1,18428.25
2024-04-02T13:20:16,SE4,1,18428.25
2024-04-02T13:20:16,SE5,1,18428.25
2024-04-02T13:23:38,Parabolic stop,1,18420.00
2024-04-02T13:23:38,Parabolic stop,1,18420.00
2024-04-02T13:23:38,Parabolic stop,1,18420.00
2024-04-02T13:23:38,Parabolic stop,1,18420.00
2024-04-02T13:23:38,Parabolic stop,1,18420.00
2024-04-02T13:47:43,SE1,1,18412.50
2024-04-02T13:47:43,SE2,1,18412.50
2024-04-02T13:47:43,SE3,1,18412.50
2024-04-02T13:47:43,SE4,1,18412.50
2024-04-02T13:47:43,SE5,1,18412.50
2024-04-02T14:15:15,Parabolic stop,1,18406.50
2024-04-02T14:15:15,Parabolic stop,1,18406.50
2024-04-02T14:15:15,Parabolic stop,1,18406.50
2024-04-02T14:15:15,Parabolic stop,1,18406.50
2024-04-02T14:15:15,Parabolic stop,1,18406.50
2024-04-02T15:01:22,SE1,1,18325.00
2024-04-02T15:01:22,SE2,1,18325.00
2024-04-02T15:01:22,SE3,1,18325.00
2024-04-02T15:01:22,SE4,1,18325.00
2024-04-02T15:01:22,SE5,1,18325.00
2024-04-02T15:10:08,Profit target,1,18303.00
2024-04-02T15:11:40,Parabolic stop,1,18304.00
2024-04-02T15:11:40,Parabolic stop,1,18304.00
2024-04-02T15:11:40,Parabolic stop,1,18304.00
2024-04-02T15:11:40,Parabolic stop,1,18304.00
2024-04-02T15:31:17,SE1,1,18274.50
2024-04-02T15:31:17,SE2,1,18274.50
2024-04-02T15:31:17,SE3,1,18274.50
2024-04-02T15:31:17,SE4,1,18274.50
2024-04-02T15:31:17,SE5,1,18274.50
2024-04-02T15:31:58,Parabolic stop,1,18286.00
2024-04-02T15:31:58,Parabolic stop,1,18286.00
2024-04-02T15:31:58,Parabolic stop,1,18286.00
2024-04-02T15:31:58,Parabolic stop,1,18286.00
2024-04-02T15:31:58,Parabolic stop,1,18286.00
2024-04-02T15:33:37,SE1,1,18274.75
2024-04-02T15:33:37,SE2,1,18274.75
2024-04-02T15:33:37,SE3,1,18274.75
2024-04-02T15:33:37,SE4,1,18274.75
2024-04-02T15:33:37,SE5,1,18274.75
2024-04-02T15:35:11,Parabolic stop,1,18277.00
2024-04-02T15:35:11,Parabolic stop,1,18277.00
2024-04-02T15:35:11,Parabolic stop,1,18277.00
2024-04-02T15:35:11,Parabolic stop,1,18277.00
2024-04-02T15:35:11,Parabolic stop,1,18277.00
2024-04-02T15:38:00,SE1,1,18272.00
2024-04-02T15:38:00,SE2,1,18272.00
2024-04-02T15:38:00,SE3,1,18272.00
2024-04-02T15:38:00,SE4,1,18272.00
2024-04-02T15:38:00,SE5,1,18272.00
2024-04-02T15:39:16,Profit target,1,18250.00
2024-04-02T15:40:17,Profit target,1,18236.00
2024-04-02T15:40:21,Profit target,1,18230.50
2024-04-02T15:41:07,Parabolic stop,1,18234.50
2024-04-02T15:41:07,Parabolic stop,1,18234.50
2024-04-02T15:52:25,SE1,1,18237.50
2024-04-02T15:52:25,SE2,1,18237.50
2024-04-02T15:52:25,SE3,1,18237.50
2024-04-02T15:52:25,SE4,1,18237.50
2024-04-02T15:52:25,SE5,1,18237.50
2024-04-02T15:59:55,Parabolic stop,1,18250.50
2024-04-02T15:59:55,Parabolic stop,1,18250.50
2024-04-02T15:59:55,Parabolic stop,1,18250.50
2024-04-02T15:59:55,Parabolic stop,1,18250.50
2024-04-02T15:59:55,Parabolic stop,1,18250.50
2024-04-02T16:33:34,SE1,1,18234.50
2024-04-02T16:33:34,SE2,1,18234.50
2024-04-02T16:33:34,SE3,1,18234.50
2024-04-02T16:33:34,SE4,1,18234.50
2024-04-02T16:33:34,SE5,1,18234.50
2024-04-02T16:36:01,Parabolic stop,1,18244.50
2024-04-02T16:36:01,Parabolic stop,1,18244.50
2024-04-02T16:36:01,Parabolic stop,1,18244.50
2024-04-02T16:36:01,Parabolic stop,1,18244.50
2024-04-02T16:36:01,Parabolic stop,1,18244.50
2024-04-02T16:41:43,SE1,1,18233.00
2024-04-02T16:41:43,SE2,1,18233.00
2024-04-02T16:41:43,SE3,1,18233.00
2024-04-02T16:41:43,SE4,1,18233.00
2024-04-02T16:41:43,SE5,1,18233.00
2024-04-02T16:43:18,Parabolic stop,1,18249.00
2024-04-02T16:43:18,Parabolic stop,1,18249.00
2024-04-02T16:43:18,Parabolic stop,1,18249.00
2024-04-02T16:43:18,Parabolic stop,1,18249.00
2024-04-02T16:43:18,Parabolic stop,1,18249.00
2024-04-02T18:08:11,SE1,1,18234.00
2024-04-02T18:08:11,SE2,1,18234.00
2024-04-02T18:08:11,SE3,1,18234.00
2024-04-02T18:08:11,SE4,1,18234.00
2024-04-02T18:08:11,SE5,1,18234.00
2024-04-02T18:26:32,Parabolic stop,1,18252.00
2024-04-02T18:26:32,Parabolic stop,1,18252.00
2024-04-02T18:26:32,Parabolic stop,1,18252.00
2024-04-02T18:26:32,Parabolic stop,1,18252.00
2024-04-02T18:26:32,Parabolic stop,1,18252.00
2024-04-02T19:54:22,SE1,1,18278.75
2024-04-02T19:54:22,SE2,1,18278.75
2024-04-02T19:54:22,SE3,1,18278.75
2024-04-02T19:54:22,SE4,1,18278.75
2024-04-02T19:54:22,SE5,1,18278.75
2024-04-02T20:21:24,Parabolic stop,1,18297.00
2024-04-02T20:21:24,Parabolic stop,1,18297.00
2024-04-02T20:21:24,Parabolic stop,1,18297.00
2024-04-02T20:21:24,Parabolic stop,1,18297.00
2024-04-02T20:21:24,Parabolic stop,1,18297.00
2024-04-02T20:35:46,SE1,1,18282.00
2024-04-02T20:35:46,SE2,1,18282.00
2024-04-02T20:35:46,SE3,1,18282.00
2024-04-02T20:35:46,SE4,1,18282.00
2024-04-02T20:35:46,SE5,1,18282.00
2024-04-02T20:41:29,Parabolic stop,1,18292.50
2024-04-02T20:41:29,Parabolic stop,1,18292.50
2024-04-02T20:41:29,Parabolic stop,1,18292.50
2024-04-02T20:41:29,Parabolic stop,1,18292.50
2024-04-02T20:41:29,Parabolic stop,1,18292.50
2024-04-02T20:45:52,SE1,1,18277.00
2024-04-02T20:45:52,SE2,1,18277.00
2024-04-02T20:45:52,SE3,1,18277.00
2024-04-02T20:45:52,SE4,1,18277.00
2024-04-02T20:45:52,SE5,1,18277.00
2024-04-02T20:53:16,Parabolic stop,1,18284.75
2024-04-02T20:53:16,Parabolic stop,1,18284.75
2024-04-02T20:53:16,Parabolic stop,1,18284.75
2024-04-02T20:53:16,Parabolic stop,1,18284.75
2024-04-02T20:53:16,Parabolic stop,1,18284.75
2024-04-03T03:58:53,SE1,1,18295.00
2024-04-03T03:58:53,SE2,1,18295.00
2024-04-03T03:58:53,SE3,1,18295.00
2024-04-03T03:58:53,SE4,1,18295.00
2024-04-03T03:58:53,SE5,1,18295.00
2024-04-03T07:52:18,Profit target,1,18273.00
2024-04-03T08:01:57,Parabolic stop,1,18273.00
2024-04-03T08:01:57,Parabolic stop,1,18273.00
2024-04-03T08:01:57,Parabolic stop,1,18273.00
2024-04-03T08:01:57,Parabolic stop,1,18273.00
2024-04-03T09:05:37,SE1,1,18278.50
2024-04-03T09:05:37,SE2,1,18278.50
2024-04-03T09:05:37,SE3,1,18278.50
2024-04-03T09:05:37,SE4,1,18278.50
2024-04-03T09:05:37,SE5,1,18278.50
2024-04-03T09:11:03,Parabolic stop,1,18279.75
2024-04-03T09:11:03,Parabolic stop,1,18279.75
2024-04-03T09:11:03,Parabolic stop,1,18279.75
2024-04-03T09:11:03,Parabolic stop,1,18279.75
2024-04-03T09:11:03,Parabolic stop,1,18279.75
2024-04-03T09:33:05,SE1,1,18272.50
2024-04-03T09:33:05,SE2,1,18272.50
2024-04-03T09:33:05,SE3,1,18272.50
2024-04-03T09:33:05,SE4,1,18272.50
2024-04-03T09:33:05,SE5,1,18272.50
2024-04-03T09:40:36,Parabolic stop,1,18294.00
2024-04-03T09:40:36,Parabolic stop,1,18294.00
2024-04-03T09:40:36,Parabolic stop,1,18294.00
2024-04-03T09:40:36,Parabolic stop,1,18294.00
2024-04-03T09:40:36,Parabolic stop,1,18294.00
2024-04-03T09:48:48,SE1,1,18284.25
2024-04-03T09:48:48,SE2,1,18284.25
2024-04-03T09:48:48,SE3,1,18284.25
2024-04-03T09:48:48,SE4,1,18284.25
2024-04-03T09:48:48,SE5,1,18284.25
2024-04-03T10:03:33,Parabolic stop,1,18283.50
2024-04-03T10:03:33,Parabolic stop,1,18283.50
2024-04-03T10:03:33,Parabolic stop,1,18283.50
2024-04-03T10:03:33,Parabolic stop,1,18283.50
2024-04-03T10:03:33,Parabolic stop,1,18283.50
2024-04-03T15:10:44,SE1,1,18267.00
2024-04-03T15:10:44,SE2,1,18267.00
2024-04-03T15:10:44,SE3,1,18267.00
2024-04-03T15:10:44,SE4,1,18267.00
2024-04-03T15:10:44,SE5,1,18267.00
2024-04-03T15:23:42,Profit target,1,18245.00
2024-04-03T15:28:20,Parabolic stop,1,18247.00
2024-04-03T15:28:20,Parabolic stop,1,18247.00
2024-04-03T15:28:20,Parabolic stop,1,18247.00
2024-04-03T15:28:20,Parabolic stop,1,18247.00
2024-04-03T15:49:09,SE1,1,18261.75
2024-04-03T15:49:09,SE2,1,18261.75
2024-04-03T15:49:09,SE3,1,18261.75
2024-04-03T15:49:09,SE4,1,18261.75
2024-04-03T15:49:09,SE5,1,18261.75
2024-04-03T15:54:50,Parabolic stop,1,18280.50
2024-04-03T15:54:50,Parabolic stop,1,18280.50
2024-04-03T15:54:50,Parabolic stop,1,18280.50
2024-04-03T15:54:50,Parabolic stop,1,18280.50
2024-04-03T15:54:50,Parabolic stop,1,18280.50
2024-04-03T18:12:11,SE1,1,18384.25
2024-04-03T18:12:11,SE2,1,18384.25
2024-04-03T18:12:11,SE3,1,18384.25
2024-04-03T18:12:11,SE4,1,18384.25
2024-04-03T18:12:11,SE5,1,18384.25
2024-04-03T18:18:02,Parabolic stop,1,18400.50
2024-04-03T18:18:02,Parabolic stop,1,18400.50
2024-04-03T18:18:02,Parabolic stop,1,18400.50
2024-04-03T18:18:02,Parabolic stop,1,18400.50
2024-04-03T18:18:02,Parabolic stop,1,18400.50
2024-04-03T19:38:28,SE1,1,18412.75
2024-04-03T19:38:28,SE2,1,18412.75
2024-04-03T19:38:28,SE3,1,18412.75
2024-04-03T19:38:28,SE4,1,18412.75
2024-04-03T19:38:28,SE5,1,18412.75
2024-04-03T19:51:28,Parabolic stop,1,18428.50
2024-04-03T19:51:28,Parabolic stop,1,18428.50
2024-04-03T19:51:28,Parabolic stop,1,18428.50
2024-04-03T19:51:28,Parabolic stop,1,18428.50
2024-04-03T19:51:28,Parabolic stop,1,18428.50
2024-04-03T20:16:35,SE1,1,18416.75
2024-04-03T20:16:35,SE2,1,18416.75
2024-04-03T20:16:35,SE3,1,18416.75
2024-04-03T20:16:35,SE4,1,18416.75
2024-04-03T20:16:35,SE5,1,18416.75
2024-04-03T20:31:11,Parabolic stop,1,18412.00
2024-04-03T20:31:11,Parabolic stop,1,18412.00
2024-04-03T20:31:11,Parabolic stop,1,18412.00
2024-04-03T20:31:11,Parabolic stop,1,18412.00
2024-04-03T20:31:11,Parabolic stop,1,18412.00
2024-04-03T20:46:24,SE1,1,18408.75
2024-04-03T20:46:24,SE2,1,18408.75
2024-04-03T20:46:24,SE3,1,18408.75
2024-04-03T20:46:24,SE4,1,18408.75
2024-04-03T20:46:24,SE5,1,18408.75
2024-04-03T20:55:14,Parabolic stop,1,18409.00
2024-04-03T20:55:14,Parabolic stop,1,18409.00
2024-04-03T20:55:14,Parabolic stop,1,18409.00
2024-04-03T20:55:14,Parabolic stop,1,18409.00
2024-04-03T20:55:14,Parabolic stop,1,18409.00
2024-04-03T21:30:08,SE1,1,18324.75
2024-04-03T21:30:08,SE2,1,18324.75
2024-04-03T21:30:08,SE3,1,18324.75
2024-04-03T21:30:08,SE4,1,18324.75
2024-04-03T21:30:08,SE5,1,18324.75
2024-04-03T21:31:22,Parabolic stop,1,18333.00
2024-04-03T21:31:22,Parabolic stop,1,18333.00
2024-04-03T21:31:22,Parabolic stop,1,18333.00
2024-04-03T21:31:22,Parabolic stop,1,18333.00
2024-04-03T21:31:22,Parabolic stop,1,18333.00
2024-04-04T01:31:29,SE1,1,18469.00
2024-04-04T01:31:29,SE2,1,18469.00
2024-04-04T01:31:29,SE3,1,18469.00
2024-04-04T01:31:29,SE4,1,18469.00
2024-04-04T01:31:29,SE5,1,18469.00
2024-04-04T01:34:47,Profit target,1,18447.00
2024-04-04T01:37:11,Parabolic stop,1,18446.50
2024-04-04T01:37:11,Parabolic stop,1,18446.50
2024-04-04T01:37:11,Parabolic stop,1,18446.50
2024-04-04T01:37:11,Parabolic stop,1,18446.50
2024-04-04T15:46:49,SE1,1,18532.25
2024-04-04T15:46:49,SE2,1,18532.25
2024-04-04T15:46:49,SE3,1,18532.25
2024-04-04T15:46:49,SE4,1,18532.25
2024-04-04T15:46:49,SE5,1,18532.25
2024-04-04T15:52:08,Profit target,1,18510.25
2024-04-04T15:52:24,Parabolic stop,1,18519.00
2024-04-04T15:52:24,Parabolic stop,1,18519.00
2024-04-04T15:52:24,Parabolic stop,1,18519.00
2024-04-04T15:52:24,Parabolic stop,1,18519.00
2024-04-04T16:05:00,SE1,1,18515.25
2024-04-04T16:05:00,SE2,1,18515.25
2024-04-04T16:05:00,SE3,1,18515.25
2024-04-04T16:05:00,SE4,1,18515.25
2024-04-04T16:05:00,SE5,1,18515.25
2024-04-04T16:23:02,Profit target,1,18493.25
2024-04-04T16:23:27,Parabolic stop,1,18495.75
2024-04-04T16:23:27,Parabolic stop,1,18495.75
2024-04-04T16:23:27,Parabolic stop,1,18495.75
2024-04-04T16:23:27,Parabolic stop,1,18495.75
2024-04-04T16:51:00,SE1,1,18495.00
2024-04-04T16:51:00,SE2,1,18495.00
2024-04-04T16:51:00,SE3,1,18495.00
2024-04-04T16:51:00,SE4,1,18495.00
2024-04-04T16:51:00,SE5,1,18495.00
2024-04-04T17:07:21,Parabolic stop,1,18508.25
2024-04-04T17:07:21,Parabolic stop,1,18508.25
2024-04-04T17:07:21,Parabolic stop,1,18508.25
2024-04-04T17:07:21,Parabolic stop,1,18508.25
2024-04-04T17:07:21,Parabolic stop,1,18508.25
2024-04-04T17:12:56,SE1,1,18492.00
2024-04-04T17:12:56,SE2,1,18492.00
2024-04-04T17:12:56,SE3,1,18492.00
2024-04-04T17:12:56,SE4,1,18492.00
2024-04-04T17:12:56,SE5,1,18492.00
2024-04-04T17:28:46,Parabolic stop,1,18496.25
2024-04-04T17:28:46,Parabolic stop,1,18496.25
2024-04-04T17:28:46,Parabolic stop,1,18496.25
2024-04-04T17:28:46,Parabolic stop,1,18496.25
2024-04-04T17:28:46,Parabolic stop,1,18496.25
2024-04-04T18:15:57,SE1,1,18547.50
2024-04-04T18:15:57,SE2,1,18547.50
2024-04-04T18:15:57,SE3,1,18547.50
2024-04-04T18:15:57,SE4,1,18547.50
2024-04-04T18:15:57,SE5,1,18547.50
2024-04-04T19:42:01,Profit target,1,18525.50
2024-04-04T19:47:24,Profit target,1,18511.50
2024-04-04T19:47:25,Profit target,1,18506.00
2024-04-04T19:47:27,Parabolic stop,1,18512.75
2024-04-04T19:47:27,Parabolic stop,1,18512.75
2024-04-04T20:42:21,SE1,1,18284.50
2024-04-04T20:42:21,SE2,1,18284.50
2024-04-04T20:42:21,SE3,1,18284.50
2024-04-04T20:42:21,SE4,1,18284.50
2024-04-04T20:42:21,SE5,1,18284.50
2024-04-04T20:44:29,Profit target,1,18262.50
2024-04-04T20:44:44,Profit target,1,18248.50
2024-04-04T20:44:51,Profit target,1,18243.00
2024-04-04T20:44:57,Parabolic stop,1,18249.00
2024-04-04T20:44:57,Parabolic stop,1,18249.00
2024-04-04T20:47:15,SE1,1,18268.25
2024-04-04T20:47:15,SE2,1,18268.25
2024-04-04T20:47:15,SE3,1,18268.25
2024-04-04T20:47:15,SE4,1,18268.25
2024-04-04T20:47:15,SE5,1,18268.25
2024-04-04T20:47:36,Parabolic stop,1,18281.50
2024-04-04T20:47:36,Parabolic stop,1,18281.50
2024-04-04T20:47:36,Parabolic stop,1,18281.50
2024-04-04T20:47:36,Parabolic stop,1,18281.50
2024-04-04T20:47:36,Parabolic stop,1,18281.50
2024-04-04T20:49:11,SE1,1,18266.00
2024-04-04T20:49:11,SE2,1,18266.00
2024-04-04T20:49:11,SE3,1,18266.00
2024-04-04T20:49:11,SE4,1,18266.00
2024-04-04T20:49:11,SE5,1,18266.00
2024-04-04T20:51:01,Parabolic stop,1,18281.25
2024-04-04T20:51:01,Parabolic stop,1,18281.25
2024-04-04T20:51:01,Parabolic stop,1,18281.25
2024-04-04T20:51:01,Parabolic stop,1,18281.25
2024-04-04T20:51:01,Parabolic stop,1,18281.25
2024-04-04T20:58:15,SE1,1,18223.00
2024-04-04T20:58:15,SE2,1,18223.00
2024-04-04T20:58:15,SE3,1,18223.00
2024-04-04T20:58:15,SE4,1,18223.00
2024-04-04T20:58:15,SE5,1,18223.00
2024-04-04T20:59:51,Parabolic stop,1,18223.00
2024-04-04T20:59:51,Parabolic stop,1,18223.00
2024-04-04T20:59:51,Parabolic stop,1,18223.00
2024-04-04T20:59:51,Parabolic stop,1,18223.00
2024-04-04T20:59:51,Parabolic stop,1,18223.00
2024-04-04T21:04:02,SE1,1,18197.50
2024-04-04T21:04:02,SE2,1,18197.50
2024-04-04T21:04:02,SE3,1,18197.50
2024-04-04T21:04:02,SE4,1,18197.50
2024-04-04T21:04:02,SE5,1,18197.50
2024-04-04T21:04:44,Profit target,1,18175.50
2024-04-04T21:04:44,Parabolic stop,1,18180.25
2024-04-04T21:04:44,Parabolic stop,1,18180.25
2024-04-04T21:04:44,Parabolic stop,1,18180.25
2024-04-04T21:04:44,Parabolic stop,1,18180.25
2024-04-04T21:08:01,SE1,1,18189.50
2024-04-04T21:08:01,SE2,1,18189.50
2024-04-04T21:08:01,SE3,1,18189.50
2024-04-04T21:08:01,SE4,1,18189.50
2024-04-04T21:08:01,SE5,1,18189.50
2024-04-04T21:08:26,Parabolic stop,1,18203.00
2024-04-04T21:08:26,Parabolic stop,1,18203.00
2024-04-04T21:08:26,Parabolic stop,1,18203.00
2024-04-04T21:08:26,Parabolic stop,1,18203.00
2024-04-04T21:08:26,Parabolic stop,1,18203.00
2024-04-04T21:15:07,SE1,1,18176.50
2024-04-04T21:15:07,SE2,1,18176.50
2024-04-04T21:15:07,SE3,1,18176.50
2024-04-04T21:15:07,SE4,1,18176.50
2024-04-04T21:15:07,SE5,1,18176.50
2024-04-04T21:16:10,Parabolic stop,1,18181.00
2024-04-04T21:16:10,Parabolic stop,1,18181.00
2024-04-04T21:16:10,Parabolic stop,1,18181.00
2024-04-04T21:16:10,Parabolic stop,1,18181.00
2024-04-04T21:16:10,Parabolic stop,1,18181.00
2024-04-04T21:17:08,SE1,1,18168.75
2024-04-04T21:17:08,SE2,1,18168.75
2024-04-04T21:17:08,SE3,1,18168.75
2024-04-04T21:17:08,SE4,1,18168.75
2024-04-04T21:17:08,SE5,1,18168.75
2024-04-04T21:17:48,Parabolic stop,1,18164.00
2024-04-04T21:17:48,Parabolic stop,1,18164.00
2024-04-04T21:17:48,Parabolic stop,1,18164.00
2024-04-04T21:17:48,Parabolic stop,1,18164.00
2024-04-04T21:17:48,Parabolic stop,1,18164.00
2024-04-04T21:22:25,SE1,1,18167.00
2024-04-04T21:22:25,SE2,1,18167.00
2024-04-04T21:22:25,SE3,1,18167.00
2024-04-04T21:22:25,SE4,1,18167.00
2024-04-04T21:22:25,SE5,1,18167.00
2024-04-04T21:24:10,Parabolic stop,1,18164.75
2024-04-04T21:24:10,Parabolic stop,1,18164.75
2024-04-04T21:24:10,Parabolic stop,1,18164.75
2024-04-04T21:24:10,Parabolic stop,1,18164.75
2024-04-04T21:24:10,Parabolic stop,1,18164.75
2024-04-04T21:25:41,SE1,1,18152.00
2024-04-04T21:25:41,SE2,1,18152.00
2024-04-04T21:25:41,SE3,1,18152.00
2024-04-04T21:25:41,SE4,1,18152.00
2024-04-04T21:25:41,SE5,1,18152.00
2024-04-04T21:27:48,Profit target,1,18130.00
2024-04-04T21:28:47,Profit target,1,18116.00
2024-04-04T21:29:15,Parabolic stop,1,18123.25
2024-04-04T21:29:15,Parabolic stop,1,18123.25
2024-04-04T21:29:15,Parabolic stop,1,18123.25
2024-04-04T21:53:17,SE1,1,18110.75
2024-04-04T21:53:17,SE2,1,18110.75
2024-04-04T21:53:17,SE3,1,18110.75
2024-04-04T21:53:17,SE4,1,18110.75
2024-04-04T21:53:17,SE5,1,18110.75
2024-04-04T21:54:10,Parabolic stop,1,18114.25
2024-04-04T21:54:10,Parabolic stop,1,18114.25
2024-04-04T21:54:10,Parabolic stop,1,18114.25
2024-04-04T21:54:10,Parabolic stop,1,18114.25
2024-04-04T21:54:10,Parabolic stop,1,18114.25
2024-04-04T21:55:00,SE1,1,18110.00
2024-04-04T21:55:00,SE2,1,18110.00
2024-04-04T21:55:00,SE3,1,18110.00
2024-04-04T21:55:00,SE4,1,18110.00
2024-04-04T21:55:00,SE5,1,18110.00
2024-04-04T21:57:00,Profit target,1,18088.00
2024-04-04T21:58:29,Profit target,1,18074.00
2024-04-04T21:58:57,Parabolic stop,1,18079.00
2024-04-04T21:58:57,Parabolic stop,1,18079.00
2024-04-04T21:58:57,Parabolic stop,1,18079.00
2024-04-04T22:07:00,SE1,1,18082.25
2024-04-04T22:07:00,SE2,1,18082.25
2024-04-04T22:07:00,SE3,1,18082.25
2024-04-04T22:07:00,SE4,1,18082.25
2024-04-04T22:07:00,SE5,1,18082.25
2024-04-04T22:18:51,Profit target,1,18060.25
2024-04-04T22:18:57,Parabolic stop,1,18067.50
2024-04-04T22:18:57,Parabolic stop,1,18067.50
2024-04-04T22:18:57,Parabolic stop,1,18067.50
2024-04-04T22:18:57,Parabolic stop,1,18067.50
2024-04-04T22:25:17,SE1,1,18061.50
2024-04-04T22:25:17,SE2,1,18061.50
2024-04-04T22:25:17,SE3,1,18061.50
2024-04-04T22:25:17,SE4,1,18061.50
2024-04-04T22:25:17,SE5,1,18061.50
2024-04-04T22:38:41,Parabolic stop,1,18073.25
2024-04-04T22:38:41,Parabolic stop,1,18073.25
2024-04-04T22:38:41,Parabolic stop,1,18073.25
2024-04-04T22:38:41,Parabolic stop,1,18073.25
2024-04-04T22:38:41,Parabolic stop,1,18073.25
2024-04-05T02:00:08,SE1,1,18088.50
2024-04-05T02:00:08,SE2,1,18088.50
2024-04-05T02:00:08,SE3,1,18088.50
2024-04-05T02:00:08,SE4,1,18088.50
2024-04-05T02:00:08,SE5,1,18088.50
2024-04-05T02:10:09,Parabolic stop,1,18106.25
2024-04-05T02:10:09,Parabolic stop,1,18106.25
2024-04-05T02:10:09,Parabolic stop,1,18106.25
2024-04-05T02:10:09,Parabolic stop,1,18106.25
2024-04-05T02:10:09,Parabolic stop,1,18106.25
2024-04-05T08:12:47,SE1,1,18111.50
2024-04-05T08:12:47,SE2,1,18111.50
2024-04-05T08:12:47,SE3,1,18111.50
2024-04-05T08:12:47,SE4,1,18111.50
2024-04-05T08:12:47,SE5,1,18111.50
2024-04-05T08:28:21,Parabolic stop,1,18119.00
2024-04-05T08:28:21,Parabolic stop,1,18119.00
2024-04-05T08:28:21,Parabolic stop,1,18119.00
2024-04-05T08:28:21,Parabolic stop,1,18119.00
2024-04-05T08:28:21,Parabolic stop,1,18119.00
2024-04-05T08:51:29,SE1,1,18111.00
2024-04-05T08:51:29,SE2,1,18111.00
2024-04-05T08:51:29,SE3,1,18111.00
2024-04-05T08:51:29,SE4,1,18111.00
2024-04-05T08:51:29,SE5,1,18111.00
2024-04-05T09:20:56,Parabolic stop,1,18130.50
2024-04-05T09:20:56,Parabolic stop,1,18130.50
2024-04-05T09:20:56,Parabolic stop,1,18130.50
2024-04-05T09:20:56,Parabolic stop,1,18130.50
2024-04-05T09:20:56,Parabolic stop,1,18130.50
2024-04-05T14:30:02,SE1,1,18063.00
2024-04-05T14:30:02,SE2,1,18063.00
2024-04-05T14:30:02,SE3,1,18063.00
2024-04-05T14:30:02,SE4,1,18063.00
2024-04-05T14:30:02,SE5,1,18063.00
2024-04-05T14:30:05,Parabolic stop,1,18067.75
2024-04-05T14:30:05,Parabolic stop,1,18067.75
2024-04-05T14:30:05,Parabolic stop,1,18067.75
2024-04-05T14:30:05,Parabolic stop,1,18067.75
2024-04-05T14:30:05,Parabolic stop,1,18067.75
2024-04-05T14:32:48,SE1,1,18109.75
2024-04-05T14:32:48,SE2,1,18109.75
2024-04-05T14:32:48,SE3,1,18109.75
2024-04-05T14:32:48,SE4,1,18109.75
2024-04-05T14:32:48,SE5,1,18109.75
2024-04-05T14:33:09,Profit target,1,18087.75
2024-04-05T14:33:16,Parabolic stop,1,18094.00
2024-04-05T14:33:16,Parabolic stop,1,18094.00
2024-04-05T14:33:16,Parabolic stop,1,18094.00
2024-04-05T14:33:16,Parabolic stop,1,18094.00
2024-04-05T14:34:18,SE1,1,18147.25
2024-04-05T14:34:18,SE2,1,18147.25
2024-04-05T14:34:18,SE3,1,18147.25
2024-04-05T14:34:18,SE4,1,18147.25
2024-04-05T14:34:18,SE5,1,18147.25
2024-04-05T14:34:23,Parabolic stop,1,18149.00
2024-04-05T14:34:23,Parabolic stop,1,18149.00
2024-04-05T14:34:23,Parabolic stop,1,18149.00
2024-04-05T14:34:23,Parabolic stop,1,18149.00
2024-04-05T14:34:23,Parabolic stop,1,18149.00
2024-04-05T14:36:36,SE1,1,18132.25
2024-04-05T14:36:36,SE2,1,18132.25
2024-04-05T14:36:36,SE3,1,18132.25
2024-04-05T14:36:36,SE4,1,18132.25
2024-04-05T14:36:36,SE5,1,18132.25
2024-04-05T14:37:23,Parabolic stop,1,18146.75
2024-04-05T14:37:23,Parabolic stop,1,18146.75
2024-04-05T14:37:23,Parabolic stop,1,18146.75
2024-04-05T14:37:23,Parabolic stop,1,18146.75
2024-04-05T14:37:23,Parabolic stop,1,18146.75
2024-04-05T14:41:51,SE1,1,18141.25
2024-04-05T14:41:51,SE2,1,18141.25
2024-04-05T14:41:51,SE3,1,18141.25
2024-04-05T14:41:51,SE4,1,18141.25
2024-04-05T14:41:51,SE5,1,18141.25
2024-04-05T14:42:25,Parabolic stop,1,18166.25
2024-04-05T14:42:25,Parabolic stop,1,18166.25
2024-04-05T14:42:25,Parabolic stop,1,18166.25
2024-04-05T14:42:25,Parabolic stop,1,18166.25
2024-04-05T14:42:25,Parabolic stop,1,18166.25
2024-04-05T15:02:57,SE1,1,18154.25
2024-04-05T15:02:57,SE2,1,18154.25
2024-04-05T15:02:57,SE3,1,18154.25
2024-04-05T15:02:57,SE4,1,18154.25
2024-04-05T15:02:57,SE5,1,18154.25
2024-04-05T15:03:46,Profit target,1,18132.25
2024-04-05T15:03:46,Parabolic stop,1,18146.00
2024-04-05T15:03:46,Parabolic stop,1,18146.00
2024-04-05T15:03:46,Parabolic stop,1,18146.00
2024-04-05T15:03:46,Parabolic stop,1,18146.00
2024-04-05T15:17:29,SE1,1,18129.75
2024-04-05T15:17:29,SE2,1,18129.75
2024-04-05T15:17:29,SE3,1,18129.75
2024-04-05T15:17:29,SE4,1,18129.75
2024-04-05T15:17:29,SE5,1,18129.75
2024-04-05T15:25:19,Parabolic stop,1,18136.25
2024-04-05T15:25:19,Parabolic stop,1,18136.25
2024-04-05T15:25:19,Parabolic stop,1,18136.25
2024-04-05T15:25:19,Parabolic stop,1,18136.25
2024-04-05T15:25:19,Parabolic stop,1,18136.25
2024-04-05T15:30:02,SE1,1,18133.50
2024-04-05T15:30:02,SE2,1,18133.50
2024-04-05T15:30:02,SE3,1,18133.50
2024-04-05T15:30:02,SE4,1,18133.50
2024-04-05T15:30:02,SE5,1,18133.50
2024-04-05T15:30:30,Parabolic stop,1,18140.75
2024-04-05T15:30:30,Parabolic stop,1,18140.75
2024-04-05T15:30:30,Parabolic stop,1,18140.75
2024-04-05T15:30:30,Parabolic stop,1,18140.75
2024-04-05T15:30:30,Parabolic stop,1,18140.75
2024-04-05T15:36:01,SE1,1,18132.50
2024-04-05T15:36:01,SE2,1,18132.50
2024-04-05T15:36:01,SE3,1,18132.50
2024-04-05T15:36:01,SE4,1,18132.50
2024-04-05T15:36:01,SE5,1,18132.50
2024-04-05T15:37:47,Profit target,1,18110.50
2024-04-05T15:37:59,Parabolic stop,1,18118.25
2024-04-05T15:37:59,Parabolic stop,1,18118.25
2024-04-05T15:37:59,Parabolic stop,1,18118.25
2024-04-05T15:37:59,Parabolic stop,1,18118.25
2024-04-05T15:50:57,SE1,1,18182.25
2024-04-05T15:50:57,SE2,1,18182.25
2024-04-05T15:50:57,SE3,1,18182.25
2024-04-05T15:50:57,SE4,1,18182.25
2024-04-05T15:50:57,SE5,1,18182.25
2024-04-05T15:52:36,Parabolic stop,1,18204.00
2024-04-05T15:52:36,Parabolic stop,1,18204.00
2024-04-05T15:52:36,Parabolic stop,1,18204.00
2024-04-05T15:52:36,Parabolic stop,1,18204.00
2024-04-05T15:52:36,Parabolic stop,1,18204.00
2024-04-05T16:25:23,SE1,1,18216.00
2024-04-05T16:25:23,SE2,1,18216.00
2024-04-05T16:25:23,SE3,1,18216.00
2024-04-05T16:25:23,SE4,1,18216.00
2024-04-05T16:25:23,SE5,1,18216.00
2024-04-05T16:26:39,Profit target,1,18194.00
2024-04-05T16:27:11,Parabolic stop,1,18193.75
2024-04-05T16:27:11,Parabolic stop,1,18193.75
2024-04-05T16:27:11,Parabolic stop,1,18193.75
2024-04-05T16:27:11,Parabolic stop,1,18193.75
2024-04-05T17:12:25,SE1,1,18284.50
2024-04-05T17:12:25,SE2,1,18284.50
2024-04-05T17:12:25,SE3,1,18284.50
2024-04-05T17:12:25,SE4,1,18284.50
2024-04-05T17:12:25,SE5,1,18284.50
2024-04-05T17:15:03,Profit target,1,18262.50
2024-04-05T17:16:20,Profit target,1,18248.50
2024-04-05T17:16:27,Profit target,1,18243.00
2024-04-05T17:16:45,Parabolic stop,1,18250.25
2024-04-05T17:16:45,Parabolic stop,1,18250.25
2024-04-05T17:27:04,SE1,1,18262.25
2024-04-05T17:27:04,SE2,1,18262.25
2024-04-05T17:27:04,SE3,1,18262.25
2024-04-05T17:27:04,SE4,1,18262.25
2024-04-05T17:27:04,SE5,1,18262.25
2024-04-05T17:28:55,Parabolic stop,1,18274.25
2024-04-05T17:28:55,Parabolic stop,1,18274.25
2024-04-05T17:28:55,Parabolic stop,1,18274.25
2024-04-05T17:28:55,Parabolic stop,1,18274.25
2024-04-05T17:28:55,Parabolic stop,1,18274.25
2024-04-05T18:25:50,SE1,1,18357.25
2024-04-05T18:25:50,SE2,1,18357.25
2024-04-05T18:25:50,SE3,1,18357.25
2024-04-05T18:25:50,SE4,1,18357.25
2024-04-05T18:25:50,SE5,1,18357.25
2024-04-05T18:32:24,Profit target,1,18335.25
2024-04-05T18:33:29,Parabolic stop,1,18346.25
2024-04-05T18:33:29,Parabolic stop,1,18346.25
2024-04-05T18:33:29,Parabolic stop,1,18346.25
2024-04-05T18:33:29,Parabolic stop,1,18346.25
2024-04-05T18:44:25,SE1,1,18356.50
2024-04-05T18:44:25,SE2,1,18356.50
2024-04-05T18:44:25,SE3,1,18356.50
2024-04-05T18:44:25,SE4,1,18356.50
2024-04-05T18:44:25,SE5,1,18356.50
2024-04-05T18:51:43,Parabolic stop,1,18368.75
2024-04-05T18:51:43,Parabolic stop,1,18368.75
2024-04-05T18:51:43,Parabolic stop,1,18368.75
2024-04-05T18:51:43,Parabolic stop,1,18368.75
2024-04-05T18:51:43,Parabolic stop,1,18368.75
2024-04-05T19:52:09,SE1,1,18336.50
2024-04-05T19:52:09,SE2,1,18336.50
2024-04-05T19:52:09,SE3,1,18336.50
2024-04-05T19:52:09,SE4,1,18336.50
2024-04-05T19:52:09,SE5,1,18336.50
2024-04-05T19:55:01,Profit target,1,18314.50
2024-04-05T19:57:11,Profit target,1,18300.50
2024-04-05T19:57:13,Profit target,1,18295.00
2024-04-05T19:57:18,Parabolic stop,1,18290.25
2024-04-05T19:57:18,Parabolic stop,1,18290.25
2024-04-05T20:28:16,SE1,1,18302.00
2024-04-05T20:28:16,SE2,1,18302.00
2024-04-05T20:28:16,SE3,1,18302.00
2024-04-05T20:28:16,SE4,1,18302.00
2024-04-05T20:28:16,SE5,1,18302.00
2024-04-05T20:29:57,Profit target,1,18280.00
2024-04-05T20:29:57,Parabolic stop,1,18301.75
2024-04-05T20:29:57,Parabolic stop,1,18301.75
2024-04-05T20:29:57,Parabolic stop,1,18301.75
2024-04-05T20:29:57,Parabolic stop,1,18301.75
2024-04-05T20:30:23,SE1,1,18289.75
2024-04-05T20:30:23,SE2,1,18289.75
2024-04-05T20:30:23,SE3,1,18289.75
2024-04-05T20:30:23,SE4,1,18289.75
2024-04-05T20:30:23,SE5,1,18289.75
2024-04-05T20:33:22,Parabolic stop,1,18299.25
2024-04-05T20:33:22,Parabolic stop,1,18299.25
2024-04-05T20:33:22,Parabolic stop,1,18299.25
2024-04-05T20:33:22,Parabolic stop,1,18299.25
2024-04-05T20:33:22,Parabolic stop,1,18299.25
2024-04-05T20:45:06,SE1,1,18294.25
2024-04-05T20:45:06,SE2,1,18294.25
2024-04-05T20:45:06,SE3,1,18294.25
2024-04-05T20:45:06,SE4,1,18294.25
2024-04-05T20:45:06,SE5,1,18294.25
2024-04-05T20:49:01,Profit target,1,18272.25
2024-04-05T20:50:15,Parabolic stop,1,18276.75
2024-04-05T20:50:15,Parabolic stop,1,18276.75
2024-04-05T20:50:15,Parabolic stop,1,18276.75
2024-04-05T20:50:15,Parabolic stop,1,18276.75
2024-04-05T20:55:43,SE1,1,18263.50
2024-04-05T20:55:43,SE2,1,18263.50
2024-04-05T20:55:43,SE3,1,18263.50
2024-04-05T20:55:43,SE4,1,18263.50
2024-04-05T20:55:43,SE5,1,18263.50
2024-04-05T20:58:14,Parabolic stop,1,18275.00
2024-04-05T20:58:14,Parabolic stop,1,18275.00
2024-04-05T20:58:14,Parabolic stop,1,18275.00
2024-04-05T20:58:14,Parabolic stop,1,18275.00
2024-04-05T20:58:14,Parabolic stop,1,18275.00
2024-04-05T21:17:24,SE1,1,18281.00
2024-04-05T21:17:24,SE2,1,18281.00
2024-04-05T21:17:24,SE3,1,18281.00
2024-04-05T21:17:24,SE4,1,18281.00
2024-04-05T21:17:24,SE5,1,18281.00
2024-04-05T21:28:22,Parabolic stop,1,18290.00
2024-04-05T21:28:22,Parabolic stop,1,18290.00
2024-04-05T21:28:22,Parabolic stop,1,18290.00
2024-04-05T21:28:22,Parabolic stop,1,18290.00
2024-04-05T21:28:22,Parabolic stop,1,18290.00
2024-04-05T21:48:45,SE1,1,18294.50
2024-04-05T21:48:45,SE2,1,18294.50
2024-04-05T21:48:45,SE3,1,18294.50
2024-04-05T21:48:45,SE4,1,18294.50
2024-04-05T21:48:45,SE5,1,18294.50
2024-04-05T21:52:30,Parabolic stop,1,18312.00
2024-04-05T21:52:30,Parabolic stop,1,18312.00
2024-04-05T21:52:30,Parabolic stop,1,18312.00
2024-04-05T21:52:30,Parabolic stop,1,18312.00
2024-04-05T21:52:30,Parabolic stop,1,18312.00
2024-04-08T07:48:13,SE1,1,18290.25
2024-04-08T07:48:13,SE2,1,18290.25
2024-04-08T07:48:13,SE3,1,18290.25
2024-04-08T07:48:13,SE4,1,18290.25
2024-04-08T07:48:13,SE5,1,18290.25
2024-04-08T08:00:22,Parabolic stop,1,18306.25
2024-04-08T08:00:22,Parabolic stop,1,18306.25
2024-04-08T08:00:22,Parabolic stop,1,18306.25
2024-04-08T08:00:22,Parabolic stop,1,18306.25
2024-04-08T08:00:22,Parabolic stop,1,18306.25
2024-04-08T08:15:02,SE1,1,18296.50
2024-04-08T08:15:02,SE2,1,18296.50
2024-04-08T08:15:02,SE3,1,18296.50
2024-04-08T08:15:02,SE4,1,18296.50
2024-04-08T08:15:02,SE5,1,18296.50
2024-04-08T08:27:29,Parabolic stop,1,18299.75
2024-04-08T08:27:29,Parabolic stop,1,18299.75
2024-04-08T08:27:29,Parabolic stop,1,18299.75
2024-04-08T08:27:29,Parabolic stop,1,18299.75
2024-04-08T08:27:29,Parabolic stop,1,18299.75
2024-04-08T11:07:26,SE1,1,18276.75
2024-04-08T11:07:26,SE2,1,18276.75
2024-04-08T11:07:26,SE3,1,18276.75
2024-04-08T11:07:26,SE4,1,18276.75
2024-04-08T11:07:26,SE5,1,18276.75
2024-04-08T11:13:23,Parabolic stop,1,18288.75
2024-04-08T11:13:23,Parabolic stop,1,18288.75
2024-04-08T11:13:23,Parabolic stop,1,18288.75
2024-04-08T11:13:23,Parabolic stop,1,18288.75
2024-04-08T11:13:23,Parabolic stop,1,18288.75
2024-04-08T12:38:25,SE1,1,18286.50
2024-04-08T12:38:25,SE2,1,18286.50
2024-04-08T12:38:25,SE3,1,18286.50
2024-04-08T12:38:25,SE4,1,18286.50
2024-04-08T12:38:25,SE5,1,18286.50
2024-04-08T12:56:16,Parabolic stop,1,18305.75
2024-04-08T12:56:16,Parabolic stop,1,18305.75
2024-04-08T12:56:16,Parabolic stop,1,18305.75
2024-04-08T12:56:16,Parabolic stop,1,18305.75
2024-04-08T12:56:16,Parabolic stop,1,18305.75
2024-04-08T15:06:56,SE1,1,18352.75
2024-04-08T15:06:56,SE2,1,18352.75
2024-04-08T15:06:56,SE3,1,18352.75
2024-04-08T15:06:56,SE4,1,18352.75
2024-04-08T15:06:56,SE5,1,18352.75
2024-04-08T15:29:23,Profit target,1,18330.75
2024-04-08T15:29:46,Parabolic stop,1,18333.50
2024-04-08T15:29:46,Parabolic stop,1,18333.50
2024-04-08T15:29:46,Parabolic stop,1,18333.50
2024-04-08T15:29:46,Parabolic stop,1,18333.50
2024-04-08T15:32:11,SE1,1,18316.75
2024-04-08T15:32:11,SE2,1,18316.75
2024-04-08T15:32:11,SE3,1,18316.75
2024-04-08T15:32:11,SE4,1,18316.75
2024-04-08T15:32:11,SE5,1,18316.75
2024-04-08T15:34:46,Profit target,1,18294.75
2024-04-08T15:35:15,Profit target,1,18280.75
2024-04-08T15:35:25,Profit target,1,18275.25
2024-04-08T15:35:25,Parabolic stop,1,18282.25
2024-04-08T15:35:25,Parabolic stop,1,18282.25
2024-04-08T16:06:40,SE1,1,18293.00
2024-04-08T16:06:40,SE2,1,18293.00
2024-04-08T16:06:40,SE3,1,18293.00
2024-04-08T16:06:40,SE4,1,18293.00
2024-04-08T16:06:40,SE5,1,18293.00
2024-04-08T16:08:03,Parabolic stop,1,18289.75
2024-04-08T16:08:03,Parabolic stop,1,18289.75
2024-04-08T16:08:03,Parabolic stop,1,18289.75
2024-04-08T16:08:03,Parabolic stop,1,18289.75
2024-04-08T16:08:03,Parabolic stop,1,18289.75
2024-04-08T16:12:28,SE1,1,18302.50
2024-04-08T16:12:28,SE2,1,18302.50
2024-04-08T16:12:28,SE3,1,18302.50
2024-04-08T16:12:28,SE4,1,18302.50
2024-04-08T16:12:28,SE5,1,18302.50
2024-04-08T16:14:08,Parabolic stop,1,18307.00
2024-04-08T16:14:08,Parabolic stop,1,18307.00
2024-04-08T16:14:08,Parabolic stop,1,18307.00
2024-04-08T16:14:08,Parabolic stop,1,18307.00
2024-04-08T16:14:08,Parabolic stop,1,18307.00
2024-04-08T16:16:17,SE1,1,18304.50
2024-04-08T16:16:17,SE2,1,18304.50
2024-04-08T16:16:17,SE3,1,18304.50
2024-04-08T16:16:17,SE4,1,18304.50
2024-04-08T16:16:17,SE5,1,18304.50
2024-04-08T16:18:07,Parabolic stop,1,18317.25
2024-04-08T16:18:07,Parabolic stop,1,18317.25
2024-04-08T16:18:07,Parabolic stop,1,18317.25
2024-04-08T16:18:07,Parabolic stop,1,18317.25
2024-04-08T16:18:07,Parabolic stop,1,18317.25
2024-04-08T16:57:34,SE1,1,18359.00
2024-04-08T16:57:34,SE2,1,18359.00
2024-04-08T16:57:34,SE3,1,18359.00
2024-04-08T16:57:34,SE4,1,18359.00
2024-04-08T16:57:34,SE5,1,18359.00
2024-04-08T17:02:31,Profit target,1,18337.00
2024-04-08T17:02:36,Parabolic stop,1,18333.75
2024-04-08T17:02:36,Parabolic stop,1,18333.75
2024-04-08T17:02:36,Parabolic stop,1,18333.75
2024-04-08T17:02:36,Parabolic stop,1,18333.75
2024-04-08T17:45:23,SE1,1,18300.50
2024-04-08T17:45:23,SE2,1,18300.50
2024-04-08T17:45:23,SE3,1,18300.50
2024-04-08T17:45:23,SE4,1,18300.50
2024-04-08T17:45:23,SE5,1,18300.50
2024-04-08T17:46:06,Parabolic stop,1,18300.50
2024-04-08T17:46:06,Parabolic stop,1,18300.50
2024-04-08T17:46:06,Parabolic stop,1,18300.50
2024-04-08T17:46:06,Parabolic stop,1,18300.50
2024-04-08T17:46:06,Parabolic stop,1,18300.50
2024-04-08T18:01:00,SE1,1,18287.25
2024-04-08T18:01:00,SE2,1,18287.25
2024-04-08T18:01:00,SE3,1,18287.25
2024-04-08T18:01:00,SE4,1,18287.25
2024-04-08T18:01:00,SE5,1,18287.25
2024-04-08T18:13:55,Parabolic stop,1,18279.25
2024-04-08T18:13:55,Parabolic stop,1,18279.25
2024-04-08T18:13:55,Parabolic stop,1,18279.25
2024-04-08T18:13:55,Parabolic stop,1,18279.25
2024-04-08T18:13:55,Parabolic stop,1,18279.25
2024-04-08T19:36:38,SE1,1,18295.75
2024-04-08T19:36:38,SE2,1,18295.75
2024-04-08T19:36:38,SE3,1,18295.75
2024-04-08T19:36:38,SE4,1,18295.75
2024-04-08T19:36:38,SE5,1,18295.75
2024-04-08T19:55:09,Parabolic stop,1,18294.75
2024-04-08T19:55:09,Parabolic stop,1,18294.75
2024-04-08T19:55:09,Parabolic stop,1,18294.75
2024-04-08T19:55:09,Parabolic stop,1,18294.75
2024-04-08T19:55:09,Parabolic stop,1,18294.75
2024-04-08T20:04:39,SE1,1,18301.00
2024-04-08T20:04:39,SE2,1,18301.00
2024-04-08T20:04:39,SE3,1,18301.00
2024-04-08T20:04:39,SE4,1,18301.00
2024-04-08T20:04:39,SE5,1,18301.00
2024-04-08T20:15:47,Parabolic stop,1,18322.75
2024-04-08T20:15:47,Parabolic stop,1,18322.75
2024-04-08T20:15:47,Parabolic stop,1,18322.75
2024-04-08T20:15:47,Parabolic stop,1,18322.75
2024-04-08T20:15:47,Parabolic stop,1,18322.75
2024-04-08T20:30:50,SE1,1,18308.00
2024-04-08T20:30:50,SE2,1,18308.00
2024-04-08T20:30:50,SE3,1,18308.00
2024-04-08T20:30:50,SE4,1,18308.00
2024-04-08T20:30:50,SE5,1,18308.00
2024-04-08T20:46:24,Profit target,1,18286.00
2024-04-08T20:46:51,Parabolic stop,1,18296.25
2024-04-08T20:46:51,Parabolic stop,1,18296.25
2024-04-08T20:46:51,Parabolic stop,1,18296.25
2024-04-08T20:46:51,Parabolic stop,1,18296.25
2024-04-08T21:24:05,SE1,1,18297.25
2024-04-08T21:24:05,SE2,1,18297.25
2024-04-08T21:24:05,SE3,1,18297.25
2024-04-08T21:24:05,SE4,1,18297.25
2024-04-08T21:24:05,SE5,1,18297.25
2024-04-08T21:29:41,Parabolic stop,1,18316.00
2024-04-08T21:29:41,Parabolic stop,1,18316.00
2024-04-08T21:29:41,Parabolic stop,1,18316.00
2024-04-08T21:29:41,Parabolic stop,1,18316.00
2024-04-08T21:29:41,Parabolic stop,1,18316.00
2024-04-08T21:52:01,SE1,1,18296.00
2024-04-08T21:52:01,SE2,1,18296.00
2024-04-08T21:52:01,SE3,1,18296.00
2024-04-08T21:52:01,SE4,1,18296.00
2024-04-08T21:52:01,SE5,1,18296.00
2024-04-08T21:57:19,Parabolic stop,1,18300.50
2024-04-08T21:57:19,Parabolic stop,1,18300.50
2024-04-08T21:57:19,Parabolic stop,1,18300.50
2024-04-08T21:57:19,Parabolic stop,1,18300.50
2024-04-08T21:57:19,Parabolic stop,1,18300.50
2024-04-09T15:06:35,SE1,1,18356.25
2024-04-09T15:06:35,SE2,1,18356.25
2024-04-09T15:06:35,SE3,1,18356.25
2024-04-09T15:06:35,SE4,1,18356.25
2024-04-09T15:06:35,SE5,1,18356.25
2024-04-09T15:17:13,Parabolic stop,1,18378.50
2024-04-09T15:17:13,Parabolic stop,1,18378.50
2024-04-09T15:17:13,Parabolic stop,1,18378.50
2024-04-09T15:17:13,Parabolic stop,1,18378.50
2024-04-09T15:17:13,Parabolic stop,1,18378.50
2024-04-09T15:31:58,SE1,1,18389.00
2024-04-09T15:31:58,SE2,1,18389.00
2024-04-09T15:31:58,SE3,1,18389.00
2024-04-09T15:31:58,SE4,1,18389.00
2024-04-09T15:31:58,SE5,1,18389.00
2024-04-09T15:34:19,Profit target,1,18367.00
2024-04-09T15:34:47,Profit target,1,18353.00
2024-04-09T15:35:04,Profit target,1,18347.50
2024-04-09T15:35:30,Parabolic stop,1,18353.25
2024-04-09T15:35:30,Parabolic stop,1,18353.25
2024-04-09T15:52:42,SE1,1,18340.50
2024-04-09T15:52:42,SE2,1,18340.50
2024-04-09T15:52:42,SE3,1,18340.50
2024-04-09T15:52:42,SE4,1,18340.50
2024-04-09T15:52:42,SE5,1,18340.50
2024-04-09T15:55:07,Parabolic stop,1,18357.25
2024-04-09T15:55:07,Parabolic stop,1,18357.25
2024-04-09T15:55:07,Parabolic stop,1,18357.25
2024-04-09T15:55:07,Parabolic stop,1,18357.25
2024-04-09T15:55:07,Parabolic stop,1,18357.25
2024-04-09T16:18:13,SE1,1,18353.25
2024-04-09T16:18:13,SE2,1,18353.25
2024-04-09T16:18:13,SE3,1,18353.25
2024-04-09T16:18:13,SE4,1,18353.25
2024-04-09T16:18:13,SE5,1,18353.25
2024-04-09T16:22:49,Parabolic stop,1,18361.00
2024-04-09T16:22:49,Parabolic stop,1,18361.00
2024-04-09T16:22:49,Parabolic stop,1,18361.00
2024-04-09T16:22:49,Parabolic stop,1,18361.00
2024-04-09T16:22:49,Parabolic stop,1,18361.00
2024-04-09T16:25:04,SE1,1,18350.00
2024-04-09T16:25:04,SE2,1,18350.00
2024-04-09T16:25:04,SE3,1,18350.00
2024-04-09T16:25:04,SE4,1,18350.00
2024-04-09T16:25:04,SE5,1,18350.00
2024-04-09T16:27:02,Profit target,1,18328.00
2024-04-09T16:27:18,Profit target,1,18314.00
2024-04-09T16:28:00,Profit target,1,18308.50
2024-04-09T16:28:32,Profit target,1,18291.75
2024-04-09T16:29:23,Parabolic stop,1,18278.75
2024-04-09T16:32:19,SE1,1,18231.00
2024-04-09T16:32:19,SE2,1,18231.00
2024-04-09T16:32:19,SE3,1,18231.00
2024-04-09T16:32:19,SE4,1,18231.00
2024-04-09T16:32:19,SE5,1,18231.00
2024-04-09T16:32:59,Parabolic stop,1,18251.50
2024-04-09T16:32:59,Parabolic stop,1,18251.50
2024-04-09T16:32:59,Parabolic stop,1,18251.50
2024-04-09T16:32:59,Parabolic stop,1,18251.50
2024-04-09T16:32:59,Parabolic stop,1,18251.50
2024-04-09T16:40:23,SE1,1,18223.75
2024-04-09T16:40:23,SE2,1,18223.75
2024-04-09T16:40:23,SE3,1,18223.75
2024-04-09T16:40:23,SE4,1,18223.75
2024-04-09T16:40:23,SE5,1,18223.75
2024-04-09T16:41:45,Profit target,1,18201.75
2024-04-09T16:41:48,Parabolic stop,1,18213.50
2024-04-09T16:41:48,Parabolic stop,1,18213.50
2024-04-09T16:41:48,Parabolic stop,1,18213.50
2024-04-09T16:41:48,Parabolic stop,1,18213.50
2024-04-09T16:46:26,SE1,1,18196.50
2024-04-09T16:46:26,SE2,1,18196.50
2024-04-09T16:46:26,SE3,1,18196.50
2024-04-09T16:46:26,SE4,1,18196.50
2024-04-09T16:46:26,SE5,1,18196.50
2024-04-09T16:48:17,Profit target,1,18174.50
2024-04-09T16:48:19,Parabolic stop,1,18182.25
2024-04-09T16:48:19,Parabolic stop,1,18182.25
2024-04-09T16:48:19,Parabolic stop,1,18182.25
2024-04-09T16:48:19,Parabolic stop,1,18182.25
2024-04-09T17:31:49,SE1,1,18223.25
2024-04-09T17:31:49,SE2,1,18223.25
2024-04-09T17:31:49,SE3,1,18223.25
2024-04-09T17:31:49,SE4,1,18223.25
2024-04-09T17:31:49,SE5,1,18223.25
2024-04-09T17:35:36,Parabolic stop,1,18223.50
2024-04-09T17:35:36,Parabolic stop,1,18223.50
2024-04-09T17:35:36,Parabolic stop,1,18223.50
2024-04-09T17:35:36,Parabolic stop,1,18223.50
2024-04-09T17:35:36,Parabolic stop,1,18223.50
2024-04-09T19:02:00,SE1,1,18257.00
2024-04-09T19:02:00,SE2,1,18257.00
2024-04-09T19:02:00,SE3,1,18257.00
2024-04-09T19:02:00,SE4,1,18257.00
2024-04-09T19:02:00,SE5,1,18257.00
2024-04-09T19:02:54,Parabolic stop,1,18271.25
2024-04-09T19:02:54,Parabolic stop,1,18271.25
2024-04-09T19:02:54,Parabolic stop,1,18271.25
2024-04-09T19:02:54,Parabolic stop,1,18271.25
2024-04-09T19:02:54,Parabolic stop,1,18271.25
2024-04-09T19:25:03,SE1,1,18278.00
2024-04-09T19:25:03,SE2,1,18278.00
2024-04-09T19:25:03,SE3,1,18278.00
2024-04-09T19:25:03,SE4,1,18278.00
2024-04-09T19:25:03,SE5,1,18278.00
2024-04-09T19:32:08,Parabolic stop,1,18285.75
2024-04-09T19:32:08,Parabolic stop,1,18285.75
2024-04-09T19:32:08,Parabolic stop,1,18285.75
2024-04-09T19:32:08,Parabolic stop,1,18285.75
2024-04-09T19:32:08,Parabolic stop,1,18285.75
2024-04-09T20:46:00,SE1,1,18250.00
2024-04-09T20:46:00,SE2,1,18250.00
2024-04-09T20:46:00,SE3,1,18250.00
2024-04-09T20:46:00,SE4,1,18250.00
2024-04-09T20:46:00,SE5,1,18250.00
2024-04-09T20:52:28,Parabolic stop,1,18258.25
2024-04-09T20:52:28,Parabolic stop,1,18258.25
2024-04-09T20:52:28,Parabolic stop,1,18258.25
2024-04-09T20:52:28,Parabolic stop,1,18258.25
2024-04-09T20:52:28,Parabolic stop,1,18258.25
2024-04-09T21:00:08,SE1,1,18248.50
2024-04-09T21:00:08,SE2,1,18248.50
2024-04-09T21:00:08,SE3,1,18248.50
2024-04-09T21:00:08,SE4,1,18248.50
2024-04-09T21:00:08,SE5,1,18248.50
2024-04-09T21:02:58,Parabolic stop,1,18241.25
2024-04-09T21:02:58,Parabolic stop,1,18241.25
2024-04-09T21:02:58,Parabolic stop,1,18241.25
2024-04-09T21:02:58,Parabolic stop,1,18241.25
2024-04-09T21:02:58,Parabolic stop,1,18241.25
2024-04-09T21:34:25,SE1,1,18333.50
2024-04-09T21:34:25,SE2,1,18333.50
2024-04-09T21:34:25,SE3,1,18333.50
2024-04-09T21:34:25,SE4,1,18333.50
2024-04-09T21:34:25,SE5,1,18333.50
2024-04-09T21:39:33,Profit target,1,18311.50
2024-04-09T21:41:56,Profit target,1,18297.50
2024-04-09T21:41:59,Profit target,1,18292.00
2024-04-09T21:42:00,Parabolic stop,1,18299.00
2024-04-09T21:42:00,Parabolic stop,1,18299.00
2024-04-09T22:29:19,SE1,1,18390.00
2024-04-09T22:29:19,SE2,1,18390.00
2024-04-09T22:29:19,SE3,1,18390.00
2024-04-09T22:29:19,SE4,1,18390.00
2024-04-09T22:29:19,SE5,1,18390.00
2024-04-09T22:50:36,Profit target,1,18306.00
2024-04-09T22:50:36,Profit target,1,18306.00
2024-04-09T22:50:36,Profit target,1,18306.00
2024-04-09T22:50:36,Profit target,1,18306.00
2024-04-10T02:00:05,Parabolic stop,1,18377.50
2024-04-10T07:48:20,SE1,1,18374.75
2024-04-10T07:48:20,SE2,1,18374.75
2024-04-10T07:48:20,SE3,1,18374.75
2024-04-10T07:48:20,SE4,1,18374.75
2024-04-10T07:48:20,SE5,1,18374.75
2024-04-10T09:16:59,Parabolic stop,1,18387.50
2024-04-10T09:16:59,Parabolic stop,1,18387.50
2024-04-10T09:16:59,Parabolic stop,1,18387.50
2024-04-10T09:16:59,Parabolic stop,1,18387.50
2024-04-10T09:16:59,Parabolic stop,1,18387.50
2024-04-10T09:38:21,SE1,1,18379.00
2024-04-10T09:38:21,SE2,1,18379.00
2024-04-10T09:38:21,SE3,1,18379.00
2024-04-10T09:38:21,SE4,1,18379.00
2024-04-10T09:38:21,SE5,1,18379.00
2024-04-10T09:50:56,Parabolic stop,1,18399.75
2024-04-10T09:50:56,Parabolic stop,1,18399.75
2024-04-10T09:50:56,Parabolic stop,1,18399.75
2024-04-10T09:50:56,Parabolic stop,1,18399.75
2024-04-10T09:50:56,Parabolic stop,1,18399.75
2024-04-10T10:08:13,SE1,1,18385.00
2024-04-10T10:08:13,SE2,1,18385.00
2024-04-10T10:08:13,SE3,1,18385.00
2024-04-10T10:08:13,SE4,1,18385.00
2024-04-10T10:08:13,SE5,1,18385.00
2024-04-10T10:53:44,Parabolic stop,1,18400.00
2024-04-10T10:53:44,Parabolic stop,1,18400.00
2024-04-10T10:53:44,Parabolic stop,1,18400.00
2024-04-10T10:53:44,Parabolic stop,1,18400.00
2024-04-10T10:53:44,Parabolic stop,1,18400.00
2024-04-10T14:29:51,SE1,1,18432.00
2024-04-10T14:29:51,SE2,1,18432.00
2024-04-10T14:29:51,SE3,1,18432.00
2024-04-10T14:29:51,SE4,1,18432.00
2024-04-10T14:29:51,SE5,1,18432.00
2024-04-10T14:29:54,Parabolic stop,1,18428.00
2024-04-10T14:29:54,Parabolic stop,1,18428.00
2024-04-10T14:29:54,Parabolic stop,1,18428.00
2024-04-10T14:29:54,Parabolic stop,1,18428.00
2024-04-10T14:29:54,Parabolic stop,1,18428.00
2024-04-10T14:30:01,SE1,1,18318.75
2024-04-10T14:30:01,Profit target,1,18296.50
2024-04-10T14:30:01,SE2,1,18318.75
2024-04-10T14:30:01,SE3,1,18318.75
2024-04-10T14:30:01,SE4,1,18318.75
2024-04-10T14:30:01,SE5,1,18318.75
2024-04-10T14:30:01,Parabolic stop,1,18296.50
2024-04-10T14:30:01,Parabolic stop,1,18296.50
2024-04-10T14:30:01,Parabolic stop,1,18296.50
2024-04-10T14:30:01,Parabolic stop,1,18296.50
2024-04-10T14:31:49,SE1,1,18140.50
2024-04-10T14:31:49,SE2,1,18140.50
2024-04-10T14:31:49,SE3,1,18140.50
2024-04-10T14:31:49,SE4,1,18140.50
2024-04-10T14:31:49,SE5,1,18140.50
2024-04-10T14:31:58,Profit target,1,18118.50
2024-04-10T14:32:00,Parabolic stop,1,18125.00
2024-04-10T14:32:00,Parabolic stop,1,18125.00
2024-04-10T14:32:00,Parabolic stop,1,18125.00
2024-04-10T14:32:00,Parabolic stop,1,18125.00
2024-04-10T14:38:12,SE1,1,18087.75
2024-04-10T14:38:12,SE2,1,18087.75
2024-04-10T14:38:12,SE3,1,18087.75
2024-04-10T14:38:12,SE4,1,18087.75
2024-04-10T14:38:12,SE5,1,18087.75
2024-04-10T14:38:22,Parabolic stop,1,18089.75
2024-04-10T14:38:22,Parabolic stop,1,18089.75
2024-04-10T14:38:22,Parabolic stop,1,18089.75
2024-04-10T14:38:22,Parabolic stop,1,18089.75
2024-04-10T14:38:22,Parabolic stop,1,18089.75
2024-04-10T14:39:13,SE1,1,18090.25
2024-04-10T14:39:13,SE2,1,18090.25
2024-04-10T14:39:13,SE3,1,18090.25
2024-04-10T14:39:13,SE4,1,18090.25
2024-04-10T14:39:13,SE5,1,18090.25
2024-04-10T14:39:34,Parabolic stop,1,18092.25
2024-04-10T14:39:34,Parabolic stop,1,18092.25
2024-04-10T14:39:34,Parabolic stop,1,18092.25
2024-04-10T14:39:34,Parabolic stop,1,18092.25
2024-04-10T14:39:34,Parabolic stop,1,18092.25
2024-04-10T14:39:49,SE1,1,18078.25
2024-04-10T14:39:49,SE2,1,18078.25
2024-04-10T14:39:49,SE3,1,18078.25
2024-04-10T14:39:49,SE4,1,18078.25
2024-04-10T14:39:49,SE5,1,18078.25
2024-04-10T14:40:49,Parabolic stop,1,18088.75
2024-04-10T14:40:49,Parabolic stop,1,18088.75
2024-04-10T14:40:49,Parabolic stop,1,18088.75
2024-04-10T14:40:49,Parabolic stop,1,18088.75
2024-04-10T14:40:49,Parabolic stop,1,18088.75
2024-04-10T14:40:53,SE1,1,18074.50
2024-04-10T14:40:53,SE2,1,18074.50
2024-04-10T14:40:53,SE3,1,18074.50
2024-04-10T14:40:53,SE4,1,18074.50
2024-04-10T14:40:53,SE5,1,18074.50
2024-04-10T14:42:02,Parabolic stop,1,18061.50
2024-04-10T14:42:02,Parabolic stop,1,18061.50
2024-04-10T14:42:02,Parabolic stop,1,18061.50
2024-04-10T14:42:02,Parabolic stop,1,18061.50
2024-04-10T14:42:02,Parabolic stop,1,18061.50
2024-04-10T15:00:17,SE1,1,18097.50
2024-04-10T15:00:17,SE2,1,18097.50
2024-04-10T15:00:17,SE3,1,18097.50
2024-04-10T15:00:17,SE4,1,18097.50
2024-04-10T15:00:17,SE5,1,18097.50
2024-04-10T15:01:55,Parabolic stop,1,18101.25
2024-04-10T15:01:55,Parabolic stop,1,18101.25
2024-04-10T15:01:55,Parabolic stop,1,18101.25
2024-04-10T15:01:55,Parabolic stop,1,18101.25
2024-04-10T15:01:55,Parabolic stop,1,18101.25
2024-04-10T15:03:20,SE1,1,18086.50
2024-04-10T15:03:20,SE2,1,18086.50
2024-04-10T15:03:20,SE3,1,18086.50
2024-04-10T15:03:20,SE4,1,18086.50
2024-04-10T15:03:20,SE5,1,18086.50
2024-04-10T15:04:31,Parabolic stop,1,18085.00
2024-04-10T15:04:31,Parabolic stop,1,18085.00
2024-04-10T15:04:31,Parabolic stop,1,18085.00
2024-04-10T15:04:31,Parabolic stop,1,18085.00
2024-04-10T15:04:31,Parabolic stop,1,18085.00
2024-04-10T15:05:19,SE1,1,18077.75
2024-04-10T15:05:19,SE2,1,18077.75
2024-04-10T15:05:19,SE3,1,18077.75
2024-04-10T15:05:19,SE4,1,18077.75
2024-04-10T15:05:19,SE5,1,18077.75
2024-04-10T15:11:07,Parabolic stop,1,18076.00
2024-04-10T15:11:07,Parabolic stop,1,18076.00
2024-04-10T15:11:07,Parabolic stop,1,18076.00
2024-04-10T15:11:07,Parabolic stop,1,18076.00
2024-04-10T15:11:07,Parabolic stop,1,18076.00
2024-04-10T15:31:24,SE1,1,18122.50
2024-04-10T15:31:24,SE2,1,18122.50
2024-04-10T15:31:24,SE3,1,18122.50
2024-04-10T15:31:24,SE4,1,18122.50
2024-04-10T15:31:24,SE5,1,18122.50
2024-04-10T15:31:38,Parabolic stop,1,18139.25
2024-04-10T15:31:38,Parabolic stop,1,18139.25
2024-04-10T15:31:38,Parabolic stop,1,18139.25
2024-04-10T15:31:38,Parabolic stop,1,18139.25
2024-04-10T15:31:38,Parabolic stop,1,18139.25
2024-04-10T15:39:11,SE1,1,18172.00
2024-04-10T15:39:11,SE2,1,18172.00
2024-04-10T15:39:11,SE3,1,18172.00
2024-04-10T15:39:11,SE4,1,18172.00
2024-04-10T15:39:11,SE5,1,18172.00
2024-04-10T15:39:51,Parabolic stop,1,18188.00
2024-04-10T15:39:51,Parabolic stop,1,18188.00
2024-04-10T15:39:51,Parabolic stop,1,18188.00
2024-04-10T15:39:51,Parabolic stop,1,18188.00
2024-04-10T15:39:51,Parabolic stop,1,18188.00
2024-04-10T16:04:58,SE1,1,18154.00
2024-04-10T16:04:58,SE2,1,18154.00
2024-04-10T16:04:58,SE3,1,18154.00
2024-04-10T16:04:58,SE4,1,18154.00
2024-04-10T16:04:58,SE5,1,18154.00
2024-04-10T16:05:08,Parabolic stop,1,18176.25
2024-04-10T16:05:08,Parabolic stop,1,18176.25
2024-04-10T16:05:08,Parabolic stop,1,18176.25
2024-04-10T16:05:08,Parabolic stop,1,18176.25
2024-04-10T16:05:08,Parabolic stop,1,18176.25
2024-04-10T16:23:22,SE1,1,18174.50
2024-04-10T16:23:22,SE2,1,18174.50
2024-04-10T16:23:22,SE3,1,18174.50
2024-04-10T16:23:22,SE4,1,18174.50
2024-04-10T16:23:22,SE5,1,18174.50
2024-04-10T16:25:16,Parabolic stop,1,18184.75
2024-04-10T16:25:16,Parabolic stop,1,18184.75
2024-04-10T16:25:16,Parabolic stop,1,18184.75
2024-04-10T16:25:16,Parabolic stop,1,18184.75
2024-04-10T16:25:16,Parabolic stop,1,18184.75
2024-04-10T16:26:12,SE1,1,18177.00
2024-04-10T16:26:12,SE2,1,18177.00
2024-04-10T16:26:12,SE3,1,18177.00
2024-04-10T16:26:12,SE4,1,18177.00
2024-04-10T16:26:12,SE5,1,18177.00
2024-04-10T16:28:14,Parabolic stop,1,18182.50
2024-04-10T16:28:14,Parabolic stop,1,18182.50
2024-04-10T16:28:14,Parabolic stop,1,18182.50
2024-04-10T16:28:14,Parabolic stop,1,18182.50
2024-04-10T16:28:14,Parabolic stop,1,18182.50
2024-04-10T16:32:09,SE1,1,18174.75
2024-04-10T16:32:09,SE2,1,18174.75
