timestamp,action,direction,price,quantity
2024-05-12 17:00:02.500,entry,short,18204.0,-1
2024-05-12 17:05:01.100,exit,short,18267.0,-1
2024-05-12 17:19:02.400,entry,long,18243.0,1
2024-05-12 17:25:01.100,exit,long,18267.0,1
2024-05-12 17:39:01.400,entry,long,18243.0,1
2024-05-12 17:45:01.100,exit,long,18267.0,1
2024-05-12 18:05:01.100,entry,long,18300.0,1
2024-05-12 18:06:03.400,exit,long,18258.0,1
2024-05-12 18:25:01.100,entry,long,18300.0,1
2024-05-12 18:39:04.100,exit,long,18258.0,1
2024-05-12 18:45:01.100,entry,long,18300.0,1
2024-05-12 18:59:05.800,exit,long,18258.0,1
2024-05-12 19:00:00.900,entry,long,18243.0,1
2024-05-12 19:05:01.100,exit,long,18267.0,1
2024-05-12 19:25:01.100,entry,long,18300.0,1
2024-05-12 19:45:01.100,exit,long,18267.0,1
2024-05-12 19:58:00.700,entry,long,18300.0,1
2024-05-12 19:59:04.900,exit,long,18267.0,1
2024-05-12 20:05:01.100,entry,long,18300.0,1
2024-05-12 20:18:01.200,exit,long,18258.0,1
2024-05-12 20:25:01.100,entry,long,18300.0,1
2024-05-12 20:36:05.100,exit,long,18258.0,1
2024-05-12 20:37:00.100,entry,long,18243.0,1
2024-05-12 20:44:01.700,exit,long,18258.0,1
2024-05-12 20:45:01.100,entry,long,18300.0,1
2024-05-12 21:05:01.100,exit,long,18267.0,1
2024-05-12 21:25:01.100,entry,long,18300.0,1
2024-05-12 21:26:00.600,exit,long,18258.0,1
2024-05-12 21:45:01.100,entry,long,18300.0,1
2024-05-12 21:49:03.900,exit,long,18258.0,1
2024-05-12 22:05:01.100,entry,long,18300.0,1
2024-05-12 22:19:05.000,exit,long,18258.0,1
2024-05-12 22:25:01.100,entry,long,18300.0,1
2024-05-12 22:45:01.100,exit,long,18267.0,1
2024-05-12 23:02:03.500,entry,long,18243.0,1
2024-05-12 23:05:01.100,exit,long,18267.0,1
2024-05-12 23:20:03.100,entry,long,18243.0,1
2024-05-12 23:25:01.100,exit,long,18273.0,1
2024-05-12 23:36:02.900,entry,long,18261.0,1
2024-05-12 23:45:00.100,exit,long,18261.0,1
2024-05-12 23:46:01.400,entry,long,18246.0,1
2024-05-12 23:47:04.400,exit,long,18252.0,1
2024-05-12 23:48:00.800,entry,short,18225.0,-1
2024-05-12 23:49:01.700,exit,short,18258.0,-1
2024-05-12 23:50:02.700,entry,short,18228.0,-1
2024-05-12 23:51:00.700,exit,short,18222.0,-1
2024-05-12 23:52:01.700,entry,long,18249.0,1
2024-05-12 23:54:05.600,exit,long,18222.0,1
2024-05-12 23:55:00.000,entry,short,18222.0,-1
2024-05-12 23:58:03.100,exit,short,18237.0,-1
2024-05-12 23:59:01.200,entry,long,18237.0,1
2024-05-13 00:00:00.000,exit,long,18234.0,1
2024-05-13 03:01:00.600,entry,long,18255.0,1
2024-05-13 05:25:03.300,exit,long,18267.0,1
2024-05-13 12:34:02.500,entry,short,18303.0,-1
2024-05-13 13:48:03.100,exit,short,18309.0,-1
2024-05-13 15:29:03.500,entry,short,18327.0,-1
2024-05-13 15:30:00.500,exit,short,18330.0,-1
2024-05-13 15:34:05.600,entry,short,18300.0,-1
2024-05-13 15:35:04.600,exit,short,18297.0,-1
2024-05-13 16:17:02.800,entry,long,18294.0,1
2024-05-13 16:19:02.600,exit,long,18300.0,1
2024-05-13 16:31:05.100,entry,short,18282.0,-1
2024-05-13 16:49:03.900,exit,short,18294.0,-1
2024-05-13 16:51:05.100,entry,long,18297.0,1
2024-05-13 17:04:00.600,exit,long,18288.0,1
2024-05-13 17:18:03.000,entry,long,18297.0,1
2024-05-13 17:29:02.900,exit,long,18288.0,1
2024-05-13 17:30:02.100,entry,short,18270.0,-1
2024-05-13 17:31:02.900,exit,short,18267.0,-1
2024-05-13 18:06:05.500,entry,long,18300.0,1
2024-05-13 18:15:04.800,exit,long,18300.0,1
2024-05-13 19:06:01.100,entry,short,18273.0,-1
2024-05-13 19:10:01.200,exit,short,18258.0,-1
2024-05-13 19:21:03.600,entry,long,18285.0,1
2024-05-13 19:38:05.800,exit,long,18285.0,1
2024-05-13 20:49:00.600,entry,short,18282.0,-1
2024-05-13 21:01:02.100,exit,short,18282.0,-1
2024-05-14 14:30:00.100,entry,short,18285.0,-1
2024-05-14 14:31:01.300,exit,short,18219.0,-1
2024-05-14 14:32:04.800,entry,short,18231.0,-1
2024-05-14 14:33:02.000,exit,short,18234.0,-1
2024-05-14 14:37:01.700,entry,short,18246.0,-1
2024-05-14 14:38:03.100,exit,short,18258.0,-1
2024-05-14 14:45:00.400,entry,short,18261.0,-1
2024-05-14 14:49:00.800,exit,short,18261.0,-1
2024-05-14 14:52:00.900,entry,long,18261.0,1
2024-05-14 15:00:01.900,exit,long,18264.0,1
2024-05-14 15:08:03.300,entry,long,18261.0,1
2024-05-14 15:14:00.100,exit,long,18273.0,1
2024-05-14 15:36:05.300,entry,short,18291.0,-1
2024-05-14 15:37:04.500,exit,short,18294.0,-1
2024-05-14 15:41:03.000,entry,short,18306.0,-1
2024-05-14 15:57:01.400,exit,short,18309.0,-1
2024-05-14 16:00:01.100,entry,short,18294.0,-1
2024-05-14 16:01:01.100,exit,short,18294.0,-1
2024-05-14 16:07:05.600,entry,long,18294.0,1
2024-05-14 16:12:01.800,exit,long,18303.0,1
2024-05-14 16:21:00.100,entry,short,18294.0,-1
2024-05-14 16:22:05.300,exit,short,18303.0,-1
2024-05-14 16:23:02.300,entry,long,18321.0,1
2024-05-14 16:24:05.400,exit,long,18333.0,1
2024-05-14 16:36:05.100,entry,short,18321.0,-1
2024-05-14 16:37:01.800,exit,short,18312.0,-1
2024-05-14 16:41:03.700,entry,long,18294.0,1
2024-05-14 16:52:01.400,exit,long,18303.0,1
2024-05-14 17:16:00.900,entry,short,18351.0,-1
2024-05-14 17:19:00.200,exit,short,18354.0,-1
2024-05-14 17:42:03.900,entry,short,18327.0,-1
2024-05-14 17:50:02.500,exit,short,18321.0,-1
2024-05-14 18:45:00.900,entry,long,18309.0,1
2024-05-14 18:50:04.400,exit,long,18306.0,1
2024-05-14 20:06:04.800,entry,long,18333.0,1
2024-05-14 20:12:02.800,exit,long,18348.0,1
2024-05-14 22:05:02.400,entry,short,18414.0,-1
2024-05-14 22:08:02.600,exit,short,18414.0,-1
2024-05-14 23:23:00.400,entry,long,18399.0,1
2024-05-14 23:45:00.000,exit,long,18405.0,1
2024-05-14 23:52:03.400,entry,short,18411.0,-1
2024-05-14 23:53:00.200,exit,short,18405.0,-1
2024-05-14 23:54:01.600,entry,long,18402.0,1
2024-05-14 23:55:00.000,exit,long,18405.0,1
2024-05-14 23:57:02.900,entry,short,18414.0,-1
2024-05-14 23:58:00.200,exit,short,18411.0,-1
2024-05-14 23:59:03.300,entry,long,18408.0,1
2024-05-15 00:00:00.000,exit,long,18408.0,1
2024-05-15 14:30:00.000,entry,short,18414.0,-1
2024-05-15 14:31:02.500,exit,short,18531.0,-1
2024-05-15 14:32:01.100,entry,long,18534.0,1
2024-05-15 14:34:00.700,exit,long,18537.0,1
2024-05-15 14:35:00.700,entry,short,18519.0,-1
2024-05-15 14:37:01.500,exit,short,18522.0,-1
2024-05-15 14:46:03.300,entry,long,18492.0,1
2024-05-15 14:49:00.600,exit,long,18501.0,1
2024-05-15 15:25:00.000,entry,short,18504.0,-1
2024-05-15 15:28:02.600,exit,short,18504.0,-1
2024-05-15 15:30:01.500,entry,short,18507.0,-1
2024-05-15 15:31:00.900,exit,short,18504.0,-1
2024-05-15 15:32:00.000,entry,long,18504.0,1
2024-05-15 15:33:00.800,exit,long,18522.0,1
2024-05-15 15:36:02.500,entry,short,18519.0,-1
2024-05-15 15:37:03.300,exit,short,18510.0,-1
2024-05-15 15:45:01.300,entry,long,18492.0,1
2024-05-15 15:47:02.100,exit,long,18492.0,1
2024-05-15 15:49:05.300,entry,long,18477.0,1
2024-05-15 15:50:05.100,exit,long,18465.0,1
2024-05-15 16:00:03.400,entry,long,18486.0,1
2024-05-15 16:04:01.100,exit,long,18501.0,1
2024-05-15 17:48:05.100,entry,short,18594.0,-1
2024-05-15 17:52:00.300,exit,short,18594.0,-1
2024-05-15 18:00:01.300,entry,short,18597.0,-1
2024-05-15 18:10:03.200,exit,short,18594.0,-1
2024-05-15 18:16:01.700,entry,short,18597.0,-1
2024-05-15 18:23:01.800,exit,short,18594.0,-1
2024-05-15 18:30:04.400,entry,short,18606.0,-1
2024-05-15 18:58:02.100,exit,short,18621.0,-1
2024-05-15 20:42:00.800,entry,short,18684.0,-1
2024-05-15 21:10:02.200,exit,short,18684.0,-1
2024-05-15 21:15:00.100,entry,short,18687.0,-1
2024-05-15 21:22:03.600,exit,short,18696.0,-1
2024-05-15 21:53:05.900,entry,short,18687.0,-1
2024-05-15 22:01:00.100,exit,short,18687.0,-1
2024-05-15 23:00:00.000,entry,long,18672.0,1
2024-05-15 23:10:01.600,exit,long,18693.0,1
2024-05-15 23:45:00.200,entry,short,18672.0,-1
2024-05-15 23:47:01.200,exit,short,18681.0,-1
2024-05-15 23:48:00.600,entry,long,18711.0,1
2024-05-15 23:51:02.200,exit,long,18678.0,1
2024-05-15 23:53:05.000,entry,long,18681.0,1
2024-05-15 23:55:00.000,exit,long,18681.0,1
2024-05-15 23:56:00.200,entry,long,18681.0,1
2024-05-15 23:57:02.300,exit,long,18690.0,1
2024-05-15 23:58:03.700,entry,long,18687.0,1
2024-05-16 00:00:00.000,exit,long,18687.0,1
2024-05-16 00:56:00.900,entry,short,18699.0,-1
2024-05-16 00:57:01.400,exit,short,18705.0,-1
2024-05-16 14:30:02.800,entry,short,18726.0,-1
2024-05-16 14:31:03.200,exit,short,18708.0,-1
2024-05-16 15:36:02.500,entry,long,18681.0,1
2024-05-16 15:42:02.100,exit,long,18690.0,1
2024-05-16 16:07:03.900,entry,short,18681.0,-1
2024-05-16 16:08:02.800,exit,short,18678.0,-1
2024-05-16 16:22:00.300,entry,long,18711.0,1
2024-05-16 16:47:04.100,exit,long,18720.0,1
2024-05-16 17:29:00.600,entry,short,18744.0,-1
2024-05-16 17:38:01.000,exit,short,18741.0,-1
2024-05-16 18:01:00.900,entry,long,18726.0,1
2024-05-16 18:10:03.800,exit,long,18723.0,1
2024-05-16 18:48:03.900,entry,long,18726.0,1
2024-05-16 19:00:05.000,exit,long,18726.0,1
2024-05-16 19:01:01.400,entry,long,18723.0,1
2024-05-16 19:21:00.000,exit,long,18726.0,1
2024-05-16 19:24:00.700,entry,long,18690.0,1
2024-05-16 19:25:00.000,exit,long,18684.0,1
2024-05-16 19:29:00.000,entry,long,18693.0,1
2024-05-16 19:31:00.400,exit,long,18693.0,1
2024-05-16 19:37:04.900,entry,short,18693.0,-1
2024-05-16 19:40:01.600,exit,short,18693.0,-1
2024-05-16 19:43:00.700,entry,short,18696.0,-1
2024-05-16 19:44:00.000,exit,short,18693.0,-1
2024-05-16 19:46:03.500,entry,short,18696.0,-1
2024-05-16 19:52:02.700,exit,short,18693.0,-1
2024-05-16 20:06:03.500,entry,short,18696.0,-1
2024-05-16 20:14:03.700,exit,short,18684.0,-1
2024-05-16 20:47:00.300,entry,long,18696.0,1
2024-05-16 20:48:05.300,exit,long,18693.0,1
2024-05-16 21:11:05.500,entry,short,18693.0,-1
2024-05-16 21:32:03.000,exit,short,18684.0,-1
2024-05-16 21:55:00.800,entry,long,18681.0,1
2024-05-16 21:59:00.200,exit,long,18669.0,1
2024-05-16 23:18:01.300,entry,long,18648.0,1
2024-05-16 23:45:00.000,exit,long,18642.0,1
2024-05-16 23:54:01.400,entry,long,18621.0,1
2024-05-16 23:55:01.400,exit,long,18645.0,1
2024-05-16 23:56:00.900,entry,short,18645.0,-1
2024-05-16 23:57:03.300,exit,short,18645.0,-1
2024-05-16 23:58:00.400,entry,short,18645.0,-1
2024-05-16 23:59:00.000,exit,short,18639.0,-1
2024-05-17 00:00:00.000,entry,long,18633.0,1
2024-05-17 03:30:03.200,exit,long,18654.0,1
